3234 5134
170 652 219 699 se.
232 647 261 714 3]
400 645 454 697 Dc
477 646 599 697 usuro
625 645 793 697 caturco.
846 645 915 696 uns.
946 645 998 696 νη
1162 632 1223 715 285

172 809 325 874 hostibus
356 806 567 892 exploratam
596 807 768 874 victoriam
799 807 989 886 dimisisset,
1014 827 1055 871 ne
1085 826 1223 891 parvum

175 913 277 978 modo
299 913 533 977 detrimentum
558 912 592 975 in
617 912 830 977 contentione
854 920 990 996 propter
1016 911 1222 994 iniquitatem

147 1016 238 1087 sloci
254 1017 424 1082 accideret.
455 1014 592 1099 Quanto
607 1036 708 1099 opere
723 1035 838 1080 eorum
850 1017 951 1079 animi
964 1015 1223 1100 magnitudinem

175 1121 399 1195 admiraretur,
420 1140 505 1203 quos
527 1140 593 1183 non
619 1130 801 1184 castrorum
828 1120 1038 1195 munitiones,
1062 1139 1129 1183 non
1150 1117 1224 1182 alti·

175 1225 259 1290 tudo
282 1224 415 1299 montis,
429 1244 495 1287 non
517 1242 630 1287 murus
652 1223 768 1306 oppidi
788 1222 921 1287 tardare
944 1223 1116 1306 potuisset,
1132 1231 1226 1287 tanto

175 1348 277 1412 opere
294 1327 460 1392 licentiam
475 1326 764 1410 arrogantiamque
780 1326 1028 1409 reprehendere,
1044 1328 1135 1410 quod
1152 1325 1226 1409 plus

176 1453 212 1497 se
240 1452 343 1515 quam
373 1431 605 1514 imperatorem
635 1432 678 1495 de
699 1431 838 1495 victoria
863 1441 965 1512 atque
994 1430 1089 1494 exitu
1119 1450 1227 1499 rerum

149 1536 297 1608 4sentire
312 1534 564 1612 existimarent3
592 1554 653 1598 nec
669 1533 777 1598 minus
792 1554 830 1598 se
844 1534 887 1598 ab
909 1533 1015 1597 milite
1029 1533 1226 1598 modestiam

180 1649 214 1704 et
239 1639 476 1704 continentiam
501 1658 603 1720 quam
625 1638 782 1703 virtutem
807 1648 909 1720 atque
934 1637 1037 1703 animi
1065 1636 1228 1719 magnitu-

182 1743 292 1809 dinem
308 1742 514 1807 desiderare:

121 1866 168 1922 53
226 1847 301 1911 Hac
316 1847 429 1911 habita
450 1847 606 1912 contione
626 1856 660 1910 et
677 1845 721 1910 ad
741 1854 928 1909 extremam
949 1844 1134 1910 orationem
1150 1864 1229 1908 con·

181 1950 319 2016 firmatis
345 1951 510 2028 militibus,
537 1954 597 2013 ‘ne
619 1950 664 2013 ob
690 1950 775 2014 hanc
801 1969 935 2013 causam
958 1949 1071 2013 animo
1096 1968 1228 2032 permo-

179 2065 334 2121 verentur
363 2075 436 2132 neu,
460 2054 551 2137 quod
578 2054 733 2136 iniquitas
757 2052 821 2117 loci
851 2053 1026 2130 attulisset,
1050 2053 1085 2117 id
1115 2051 1229 2117 virtuti

181 2160 326 2225 hostium
343 2154 538 2234 tribuerent:
554 2159 672 2222 eadem
687 2158 731 2222 de
752 2156 955 2240 profectione
970 2156 1129 2241 cogitans,
1143 2174 1229 2239 quae
1241 2173 1313 2225 anes
1323 2172 1392 2225 otter-

181 2274 260 2329 ante
273 2269 429 2335 senserat,
442 2260 589 2344 legiones
604 2281 649 2325 ex
665 2262 780 2326 castris
794 2261 913 2326 eduxit
924 2261 1093 2343 aciemque
1109 2261 1229 2325 idoneo
1240 2239 1372 2355 iffi&

155 2366 257 2432 sloco
286 2366 468 2431 constituit.
514 2364 599 2430 Cum
632 2364 887 2447 Vercingetorix
917 2364 1018 2428 nihilo
1056 2366 1162 2447 magis
1196 2364 1229 2428 in
1242 2371 1297 2420 into
1307 2369 1350 2420 the

183 2488 325 2552 aequum
348 2469 457 2535 locum
485 2468 710 2547 descenderet,
733 2466 796 2532 levi
822 2467 911 2534 sacto
933 2469 1078 2551 equestri
1103 2467 1231 2552 proelio
1242 2451 1307 2553 {³2¹¹
1296 2437 1386 2552 ᾗῇ

156 2584 285 2656 3atque
302 2575 448 2639 secundo
470 2574 503 2637 in
526 2584 632 2638 castra
655 2573 840 2637 exercitum
866 2572 1010 2636 reduxit.
1056 2571 1142 2637 Cum
1167 2573 1232 2638 hoc

185 2678 273 2743 idem
290 2689 423 2762 postero
438 2679 492 2743 die
503 2677 642 2753 fecisset,
651 2678 731 2741 satis
745 2677 790 2741 ad
802 2674 964 2741 Gallicam
975 2677 1233 2742 ostentationem

185 2782 400 2846 minuendam
431 2781 639 2863 militumque
667 2782 797 2844 animos
835 2778 1080 2845 confirmandos
1108 2780 1232 2846 sactum

155 2887 383 2961 4existimans
410 2885 443 2950 in
465 2884 607 2949 Aeduos
631 2884 734 2949 movit
760 2894 877 2950 castra
921 2884 1073 2949 Netum
1098 2885 1233 2968 quidem

185 2989 341 3056 insecutis
365 2988 518 3053 hostibus
545 2988 646 3054 tertio
672 2988 727 3052 die
750 2989 793 3053 ad
818 2988 941 3054 flumen
971 2987 1092 3053 Elaver
1115 2999 1235 3072 pontes

186 3094 290 3161 reficit
312 3111 418 3176 eoque
439 3094 622 3159 exercitum
643 3093 797 3158 traducit.

125 3215 171 3270 54
232 3198 284 3264 Ibi
303 3219 324 3263 a
345 3197 557 3262 Viridomaro
584 3206 687 3279 atque
712 3195 941 3281 Eporedorige
966 3195 1098 3262 Aeduis
1120 3193 1234 3279 appel·
1247 3205 1347 3255 virido-

187 3302 274 3369 latus
298 3302 396 3366 discit
420 3322 496 3365 cum
522 3300 613 3366 oinni
638 3301 786 3383 equitatu
814 3300 1018 3366 Litaviccum
1045 3302 1088 3366 ad
1115 3271 1400 3401 sollici-¹}}²1}{¹²r}d⁸g¹,{³,t

186 3407 307 3472 tandos
327 3404 468 3471 Aeduos
489 3405 694 3490 prosectum3
724 3425 808 3488 opus
830 3424 903 3469 esse
924 3403 1013 3487 ipsos
1039 3404 1233 3468 antecedere
1245 3402 1325 3454 desert

161 3537 175 3574 ι
188 3511 232 3575 ad
249 3508 509 3574 confirmandam
523 3509 703 3575 civitatem.
750 3508 823 3572 Etsi
838 3506 950 3571 multis
968 3507 1034 3572 iam
1052 3507 1147 3570 rebus
1163 3527 1234 3590 per·
1247 3468 1346 3521 erem.

190 3611 301 3677 fidiam
315 3611 513 3677 Aeduomm
530 3621 739 3695 perspectam
754 3610 900 3676 habebat
915 3618 1017 3692 atque
1034 3609 1155 3675 horum
1170 3610 1236 3675 dis·

190 3736 284 3781 cessu
299 3715 500 3781 admaturari
512 3714 732 3780 defectionem
742 3713 881 3778 civitatis
891 3712 1114 3792 existimabat,
1124 3723 1237 3779 tamen

192 3841 250 3886 eos
265 3820 450 3885 retinendos
465 3838 532 3884 non
543 3818 774 3896 constituique
787 3827 846 3882 aut
859 3816 975 3881 inferre
986 3816 1136 3882 iniuriam
1147 3817 1236 3882 vide

163 3935 282 4000 aretur
296 3935 354 3990 aut
369 3924 450 3989 dare
467 3922 596 3989 timoris
613 3921 757 4004 aliquam
773 3920 1001 4005 suspicionem.
1033 3921 1237 3987 Discedenti-

388 4078 496 4135 ὄΜι.
517 4078 758 4133 eedem...qu⁸e
770 4078 844 4126 suto.
880 4089 922 4140 43,
938 4079 984 4140 55.

391 4146 405 4204 ἦ
417 4158 444 4210 4.
460 4156 558 4206 eoque,
570 4156 606 4194 sc.
618 4140 644 4192 in
654 4140 765 4192 Aeduos
