3234 5134
336 611 394 676 150
678 604 706 656 c.
732 605 829 657 1ua11
852 603 1040 658 caesams
1277 602 1336 669 [ss.
1349 613 1382 651 1-

165 785 301 861 Recnetor
378 766 508 851 Quibus
534 766 632 830 rebus
662 766 866 850 perturbatis
895 766 1015 832 nostris
1045 764 1208 849 [novitate
1235 756 1378 849 pugnae]
1393 777 1439 832 84

164 850 207 900 ‘¹¹‘
219 851 310 914 ¹⁹⁸¹⁰²
333 882 484 954 tempore
498 871 780 953 opportunissimo
800 870 924 937 Caesar
943 871 1104 936 auxilium
1120 870 1216 935 tulit:
1238 888 1380 951 namque

333 976 403 1039 eius
425 975 571 1039 adventu
596 974 709 1041 hostes
734 976 964 1053 constiterunt,
987 975 1092 1042 nostri
1122 995 1158 1040 se
1187 995 1231 1039 ex
1262 974 1380 1037 timore

333 1088 535 1161 receperunt
580 1078 659 1163 Quo
681 1077 771 1146 facto
793 1079 837 1144 ad
860 1078 1088 1145 lacessendum
1112 1089 1147 1143 et
1168 1079 1212 1144 ad
1230 1078 1410 1143 commit-2

333 1183 471 1247 tendum
486 1181 649 1267 proelium
668 1183 813 1251 alienum
829 1203 902 1248 esse
918 1194 1051 1268 tempus
1069 1183 1248 1249 arbitratus
1265 1203 1326 1248 suo
1345 1201 1381 1246 se

333 1287 408 1351 loco
434 1287 600 1353 continuit
629 1297 664 1353 et
692 1287 784 1354 brevi
812 1299 964 1372 tempore
994 1288 1181 1352 intermisso
1211 1287 1244 1351 in
1274 1295 1382 1351 castra

333 1391 480 1473 legiones
498 1393 640 1458 reduxit
686 1393 778 1457 Dum
797 1392 880 1458 haec
902 1403 1072 1478 geruntur,
1086 1393 1207 1458 nostris
1227 1390 1410 1458 ommbuss

332 1495 510 1579 occupatis,
519 1497 578 1579 qui
590 1506 684 1561 erant
695 1495 967 1580 inagrisreliqui,
979 1498 1208 1562 discesserunt.
1240 1493 1412 1561 Secutae4

332 1609 409 1663 sunt
445 1601 621 1664 continuos
657 1600 845 1684 complures
874 1601 945 1665 dies
975 1610 1201 1683 tempestates
1230 1620 1316 1683 quae
1347 1607 1382 1661 et

333 1712 462 1768 nostros
486 1704 520 1767 in
542 1704 659 1769 castris
680 1704 889 1770 continerent
912 1716 947 1769 et
968 1704 1100 1769 hostem
1123 1725 1143 1767 a
1167 1723 1278 1787 pugna
1304 1722 1380 1787 pro·

164 1818 300 1868 matta&
333 1807 493 1872 hiberent.
540 1807 678 1873 Interim
715 1806 847 1873 barbari
879 1809 1015 1873 nuntios
1050 1808 1083 1871 in
1121 1827 1236 1873 omnes
1272 1817 1411 1891 partess

163 1883 251 2014 ἓξὲξ
333 1913 527 1977 dimiserunt
546 1913 816 1997 paucitatemque
835 1924 1023 1978 nostrorum
1040 1913 1183 1977 militum
1203 1912 1271 1976 suis
1289 1931 1383 1996 prae-

163 2015 271 2129 pgdamed
333 2016 523 2080 dicavemnt
546 2026 590 2095 et,
611 2026 736 2099 quanta
764 2017 909 2099 praedae
935 2015 1107 2083 faciendae
1131 2027 1232 2099 atque
1254 2016 1288 2078 in
1310 2035 1382 2097 per·

162 2096 260 2210 Ρῃιὲἶ
333 2129 472 2204 petuum
488 2118 538 2183 sui
555 2119 714 2183 liberandi
730 2117 871 2184 facultas
885 2120 1030 2199 daretur,
1041 2121 1069 2184 si
1087 2121 1257 2185 Romanos
1268 2118 1383 2184 castris

333 2224 546 2308 expulissent,
558 2224 877 2289 demonstraverunt.
906 2224 971 2290 His
986 2225 1085 2290 rebus
1098 2224 1247 2289 celeriter
1260 2242 1384 2305 magna

333 2326 547 2392 multitudine
579 2328 749 2411 peditatus
784 2329 1021 2411 equitatusque
1058 2338 1175 2394 coacta
1204 2328 1247 2391 ad
1276 2337 1384 2392 castra

330 2440 497 2495 venerunt.

377 2536 507 2612 Caesar,
528 2537 589 2601 etsi
606 2536 704 2614 idem,
722 2537 813 2620 quod
837 2538 1062 2622 superioribus
1077 2537 1194 2600 diebus
1208 2536 1382 2612 acciderat,
1394 2552 1438 2608 sn

332 2636 402 2703 fore
424 2640 570 2718 videbat,
594 2650 640 2712 ut,
665 2640 691 2703 si
715 2651 825 2706 essent
847 2640 960 2706 hostes
982 2641 1079 2724 pulsi,
1101 2639 1269 2704 celeritate
1295 2640 1381 2723 peri·

332 2743 443 2806 culum
474 2743 667 2826 effugerent,
689 2752 802 2808 tamen
833 2755 951 2809 nactus
975 2744 1104 2827 equites
1135 2744 1265 2810 circiter
1293 2756 1384 2821 xxx,

332 2866 417 2927 quos
434 2843 606 2909 Commius
628 2846 783 2923 Atrebas,
798 2848 843 2911 de
865 2868 933 2931 quo
955 2848 1174 2912 antedictum
1196 2856 1256 2925 est,
1270 2867 1383 2911 secum

332 2957 622 3032 transportaverat,
649 2950 799 3034 legiones
825 2952 858 3015 in
883 2953 954 3016 acie
976 2972 1037 3034 pro
1060 2952 1174 3016 castris
1201 2951 1383 3016 constituit.

334 3052 523 3118 Commisso
544 3052 672 3136 proelio
694 3054 820 3117 diutius
843 3066 1031 3119 nostrorum
1055 3055 1197 3119 militum
1220 3056 1411 3138 impetum2

332 3159 444 3222 hostes
475 3153 559 3219 ferre
583 3175 649 3220 non
673 3167 853 3241 potuemnt
879 3178 918 3223 ac
942 3168 1037 3242 terga
1066 3167 1244 3222 verterunt
1290 3157 1412 3240 Quos3

332 3270 428 3326 tanto
452 3259 561 3344 spatio
588 3261 700 3334 secuti,
726 3271 887 3341 quantum
918 3281 1013 3327 cursu
1041 3270 1075 3324 et
1100 3262 1226 3326 viribus
1255 3260 1385 3326 efficere

333 3374 520 3449 potueruut,
535 3362 723 3447 complures
744 3383 788 3426 ex
812 3364 852 3426 iis
874 3364 1073 3440 occiderunt,
1088 3365 1210 3430 deinde
1230 3365 1384 3429 omnibus

333 3469 433 3553 longe
449 3469 581 3552 lateque
595 3467 753 3532 aedificiis
768 3468 909 3533 incensis
923 3489 959 3532 se
974 3470 1007 3532 in
1022 3478 1129 3534 castra
1144 3481 1346 3552 receperunt.

380 3572 510 3637 Eodem
531 3573 588 3636 die
606 3570 708 3656 legati
728 3572 772 3636 ab
794 3570 946 3637 hostibus
965 3572 1056 3638 missi
1076 3572 1120 3636 ad
1144 3570 1324 3637 Caesarem
1340 3575 1385 3638 de
1404 3584 1446 3640 80

335 3694 418 3758 pace
438 3686 609 3741 venemut.
656 3676 721 3741 His
746 3675 870 3742 Caesar
895 3697 1069 3741 numerum
1095 3675 1261 3756 obsidum,
1283 3697 1412 3760 querna

367 3898 440 3955 ΒΜ
469 3901 686 3956 .qurarmr1n
702 3901 833 3958 mure·
884 3897 1195 3963 ili.19‚§3‘acstntim'

332 3964 412 4036 liqui
528 3977 569 4025 32,
595 3966 609 4021 ς
640 3977 650 4012 r
682 3968 754 4013 ‘cum
777 3979 834 4028 pers
919 3967 968 4025 33.
986 3970 1068 4014 tanto
1084 3968 1185 4023 spatio,
1201 3964 1252 4016 abl.
1267 3964 1298 4015 os
1311 3981 1385 4031 space

333 4026 461 4076 hommum
472 4028 498 4076 in
508 4030 575 4090 agris
585 4027 736 4079 temneret?
885 4029 971 4079 within
983 4029 1073 4079 which.

366 4096 409 4142 ³5.
436 4097 448 4153 ς
474 4106 494 4142 a.
522 4107 555 4143 ao
576 4100 655 4152 tem
676 4099 832 4144 verterunt.
