3234 5134
393 600 451 683 198
735 610 764 663 c.
789 610 886 662 ιυιη
908 607 1099 663 εΑεεΑκιε
1335 607 1393 674 [ss.
1407 619 1442 657 1-

221 784 355 862 Tnenerys
390 775 434 840 de
447 772 586 837 victoria
607 769 757 837 Caesaris
777 771 867 838 fama
886 771 1055 856 perfertur,
1070 782 1108 837 ut
1130 790 1207 835 curn
1227 771 1271 836 ab
1289 767 1440 834 hibernis

220 850 379 967 {rm
391 875 561 943 Ciceronis
576 875 669 941 milia
689 896 846 960 passuum
866 877 998 943 abesset
1017 875 1148 942 circiter
1163 888 1222 950 Lx,
1237 892 1344 956 eoque
1359 883 1440 956 post

221 981 345 1094 lffiw
389 979 507 1046 horam
537 1000 661 1046 nonam
691 981 757 1047 diei
789 979 913 1047 Caesar
942 980 1155 1064 pervenisset,
1184 988 1261 1043 ante
1291 979 1439 1042 mediam

220 1056 301 1175 {1:5⁵²
303 1062 343 1096 ¹¹¹⁶
388 1095 521 1150 noctem
535 1086 578 1150 ad
594 1094 707 1169 portas
719 1094 903 1151 castrorum
914 1084 1041 1150 clamor
1048 1092 1205 1161 oreretur,
1213 1103 1282 1166 quo
1293 1082 1440 1147 clamore

388 1187 587 1272 significatio
618 1190 776 1255 victoriae
805 1187 1050 1272 gratulatioque
1075 1189 1118 1252 ab
1143 1187 1261 1252 Remis
1286 1186 1439 1251 Labieno

220 1313 356 1362 umam.
389 1291 492 1356 fieret.
540 1291 615 1358 Hac
641 1292 731 1359 fama
755 1294 798 1359 ad
830 1293 992 1358 Treveros
1021 1290 1149 1377 perlata
1181 1291 1468 1370 Indutiomarus,

219 1378 346 1493 3532,
388 1396 446 1480 qur
470 1405 603 1480 postero
627 1397 683 1461 are
708 1405 817 1464 castra
846 1397 987 1462 nasim
1011 1415 1207 1481 oppugnare
1236 1395 1439 1475 aarum

218 1509 376 1559 vitasunt
390 1510 490 1565 noctu
515 1500 663 1584 profugit
692 1503 874 1586 copiasque
903 1521 1019 1566 omnes
1049 1501 1083 1566 iu
1112 1499 1274 1564 Treveros
1298 1499 1439 1565 reducit.

218 1575 369 1690 {mm
391 1603 513 1669 Caesar
537 1606 679 1672 Fabium
708 1626 785 1671 cum
818 1625 879 1671 sua
904 1604 1037 1689 legione
1062 1606 1201 1670 remittit
1228 1605 1262 1669 in
1286 1603 1468 1685 hibema,3

219 1733 312 1780 esem
390 1709 461 1793 ipse
475 1729 551 1774 cum
574 1711 679 1776 tribus
698 1708 886 1794 legionibus
909 1711 1032 1776 circum
1056 1709 1325 1775 Samarobrivam
1340 1709 1439 1774 trinis

218 1796 368 1911 me
388 1812 535 1878 urbanis
549 1814 695 1879 hiemare
717 1814 1055 1897 constitutaque
1076 1812 1161 1878 tanti
1180 1823 1290 1877 motus
1305 1810 1439 1878 canae

218 1929 243 1975 in
256 1926 322 1976 Gaul
387 1918 593 1994 exstiterant,
616 1928 725 1983 totam
750 1918 896 1983 hiemem
921 1919 992 2001 ipse
1014 1917 1057 1982 ad
1088 1917 1274 1982 exercitum
1301 1935 1438 1980 manere

218 1993 323 2107 ffb?
386 2020 542 2087 decrevit.
589 2020 679 2086 Nam
691 2021 749 2086 illo
765 2022 978 2087 incommodo
992 2021 1036 2086 de
1051 2019 1167 2086 Sabini
1183 2028 1291 2085 morte
1306 2019 1437 2102 perlato
1450 2043 1468 2089 4

218 2123 374 2238 dimmsbtedue
387 2144 505 2190 omnes
518 2126 586 2190 fere
601 2123 730 2188 Galliae
753 2126 905 2190 civitates
925 2125 968 2189 de
986 2125 1076 2190 bello
1093 2125 1335 2200 consultabant,
1351 2145 1435 2188 nun-

218 2199 329 2318 {trallae
386 2229 453 2294 tios
470 2228 720 2312 legationesque
735 2229 769 2293 in
790 2249 907 2293 omnes
925 2239 1035 2312 partes
1054 2229 1270 2295 dimittebant
1290 2238 1334 2310 et,
1351 2230 1435 2311 quid

385 2330 503 2415 reliqui
524 2332 653 2398 consilii
673 2342 832 2416 caperent
852 2343 954 2416 atque
971 2333 1063 2397 unde
1084 2334 1215 2399 initium
1234 2332 1312 2398 belli
1331 2332 1435 2410 fieret,

386 2437 605 2522 explorabant
621 2448 850 2519 nocturnaque
866 2438 899 2501 iu
922 2436 1003 2502 locis
1020 2436 1161 2502 desertis
1175 2437 1316 2502 concilia
1329 2435 1433 2500 habe-

385 2542 476 2606 bant.
522 2541 642 2624 Neque
670 2541 776 2607 ullum
807 2540 875 2605 fere
903 2542 1007 2607 totius
1044 2543 1163 2607 hiemis
1193 2550 1326 2624 tempus
1363 2541 1465 2615 sines

386 2643 608 2710 sollicitudine
631 2644 783 2711 Caesaris
806 2647 1001 2729 intercessit,
1020 2648 1102 2731 quin
1124 2647 1270 2729 aliquem
1289 2647 1334 2711 de
1355 2665 1434 2710 con·

386 2746 468 2812 siliis
489 2769 530 2814 ac
553 2758 645 2813 motu
669 2748 843 2815 Gallorum
866 2753 1017 2816 nuntium
1041 2752 1217 2834 acciperet.
1263 2749 1302 2814 ln
1320 2749 1373 2815 his
1390 2751 1464 2815 abo

386 2849 494 2916 Lucio
515 2852 648 2932 Roscio,
665 2872 765 2935 quem
789 2854 913 2937 legioni
935 2855 1203 2920 tertiaedecimae
1224 2852 1435 2937 praefecerat,

387 2955 506 3019 certior
529 2956 635 3021 factus
657 2967 708 3021 est
729 2977 867 3041 magnas
890 2957 1061 3023 Gallorum
1083 2958 1197 3041 copias
1219 2978 1332 3023 earum
1354 2959 1434 3022 civi·

386 3068 504 3135 tatum,
535 3078 623 3141 quae
652 3060 848 3127 Armoricae
884 3061 1105 3145 appellantur,
1134 3062 1352 3146 oppugnandi
1381 3063 1434 3127 sui

385 3183 485 3229 causa
507 3165 700 3229 convenisse
722 3185 832 3248 neque
849 3165 979 3249 longius
1001 3165 1094 3231 milia
1110 3187 1268 3249 passuum
1290 3177 1368 3231 octo
1390 3167 1434 3230 ab

384 3268 531 3333 hibernis
554 3268 622 3332 suis
645 3267 774 3348 afuisse,
789 3269 849 3334 sed
870 3269 988 3332 nuntio
1010 3269 1113 3334 allato
1130 3270 1174 3334 de
1188 3271 1326 3335 victoria
1349 3270 1464 3348 Cae-r

386 3373 467 3438 saris
479 3372 676 3451 discessisse,
687 3373 774 3438 adeo
789 3384 827 3438 ut
841 3374 938 3458 fugae
952 3374 1071 3439 similis
1083 3374 1245 3439 discessus
1255 3375 1434 3439 videretur.

428 3476 479 3542 At
495 3476 620 3543 Caesar
634 3477 838 3561 principibus
852 3478 1009 3563 cuiusque
1020 3479 1164 3544 civitatis
1178 3481 1222 3544 ad
1237 3500 1273 3545 se
1288 3478 1436 3544 evocatis
1452 3493 1501 3548 ⁵4

384 3581 465 3647 alias
487 3583 679 3661 territando,
699 3602 774 3648 cum
796 3604 833 3648 se
855 3583 947 3662 scire,
963 3603 1050 3668 quae
1072 3581 1197 3660 fierent,
1214 3583 1434 3665 denuntiaret,

418 3771 462 3818 58.
484 3772 498 3829 ἱ
518 3770 542 3821 6.
566 3774 738 3823 Amomoee.
773 3773 822 3837 Cp.
842 3772 884 3822 vii.
935 3771 960 3822 It
976 3787 1061 3822 means
1078 3774 1126 3822 ‘on
1142 3771 1185 3823 the
1201 3773 1340 3827 seeeoest!
1374 3776 1438 3826 Mor

387 3836 728 3955 ⁷⁵’l⁵·t,llf;:l‘cl
742 3840 885 3954 tetre·
934 3837 1133 3954 {tltnw‘tl
1152 3838 1288 3955 tun
1309 3840 1435 3956 Ὓ·

385 3913 509 4027 ἔξω
522 3979 588 4029 35-
642 3938 649 3954 “
726 3941 732 3952 ’
848 3919 884 3964 ⁰⁸¹
935 3919 1340 4035 sponutitheoroeu‘mufftile
1349 3922 1435 4023 ruffi

419 4027 496 4078 ‘Sunt
513 4039 538 4079 et
558 4032 695 4083 &emerici
717 4035 761 4099 qul
782 4033 885 4085 laudent
935 4033 1014 4083 labiel
1036 4036 1109 4100 being
1131 4034 1251 4101 dropped,
1270 4052 1298 4088 es
1319 4038 1346 4087 fn
1368 4037 1435 4089 Irish

451 4101 532 4143 ostrea
543 4095 629 4159 ponti?
934 4097 1106 4152 madre-Gla
1118 4099 1202 4165 πατὴρ.
