3234 5134
334 527 393 607 ιιι
685 534 712 586 c.
739 532 835 585 ιυιιι
857 530 1044 585 cassam
1287 530 1389 625 [ιιι.

333 699 558 780 impetrarent
611 693 706 778 Quos
735 695 798 760 sibi
829 692 954 761 Caesar
981 693 1115 759 oblatos
1143 690 1276 777 gavisus
1308 691 1418 756 illos⁶

333 801 465 865 retineri
484 799 600 875 iussit3
624 799 695 883 ipse
713 818 832 865 omnes
851 799 966 883 copias
985 797 1101 863 castris
1120 795 1238 862 eduxit
1254 795 1383 878 equita·

334 914 479 985 tumque,
488 903 578 985 quod
589 904 711 969 recenti
722 903 848 988 proelio
859 900 1384 986 perterritumesseexistimabat,

334 1025 456 1091 agmen
471 1007 648 1089 subsequi
639 1007 743 1072 iussit

165 1117 278 1231 Surprise
378 1110 465 1175 Acie
479 1111 600 1195 triplici
621 1112 774 1177 instituta
793 1120 829 1175 et
848 1109 1000 1177 celeriter
1017 1119 1095 1177 octo
1116 1108 1243 1174 milium
1267 1108 1384 1173 itinere
1396 1122 1439 1175 14

164 1244 291 1312 surgeres
334 1213 484 1281 confecto
510 1216 600 1298 prius
623 1216 667 1280 ad
689 1215 835 1281 hostium
859 1224 967 1280 castra
988 1213 1147 1299 pervenit,
1168 1232 1280 1297 quam,
1301 1212 1384 1295 quid

166 1310 247 1363 (ΜΒ
334 1328 497 1401 ageretur,
513 1318 671 1384 Germani
686 1319 810 1385 sentire
832 1328 977 1403 possent
1021 1318 1089 1403 Qui
1111 1317 1265 1383 omnibus
1286 1318 1411 1381 rebus:

165 1377 443 1487 Germanasubito
458 1424 633 1507 perterriti,
649 1432 683 1488 et
697 1423 867 1489 celeritate
885 1423 1048 1488 adventus
1063 1422 1166 1488 nostri
1189 1431 1224 1488 et
1238 1422 1385 1509 discessu

334 1546 479 1604 suorum,
507 1547 616 1610 neque
642 1528 771 1594 consilii
797 1526 943 1592 habendi
970 1544 1079 1610 neque
1107 1545 1201 1592 arma
1230 1525 1384 1610 capiendi

334 1631 445 1714 spatio
474 1631 556 1697 dato
591 1632 835 1714 perturbantur,
865 1632 1021 1715 copiasne
1057 1630 1215 1696 adversus
1251 1630 1383 1694 hostem

334 1736 464 1812 ducere,
493 1752 537 1800 an
566 1744 675 1801 castra
703 1734 892 1812 defendere,
918 1754 961 1799 an
990 1734 1070 1819 iuga
1098 1734 1240 1801 salutem
1270 1743 1385 1819 petere

336 1848 527 1922 praestaret
580 1838 733 1922 Quorum
763 1840 864 1904 timor
893 1859 970 1904 cum
999 1838 1132 1904 fremitu
1162 1848 1197 1904 et
1222 1858 1413 1908 concursus

333 1943 583 2026 significaretur,
600 1942 722 2007 milites
736 1944 839 2007 nostri
863 1943 994 2025 pristini
1014 1943 1078 2008 diei
1095 1941 1235 2026 perfidia
1258 1942 1384 2006 incitati

335 2049 369 2111 iu
383 2055 492 2111 castra
507 2047 704 2129 irruperunt.
737 2046 816 2130 Quo
831 2045 906 2112 loco
920 2046 979 2129 qui
994 2046 1146 2112 celeriter
1159 2066 1252 2112 arma
1267 2066 1385 2130 capere
1398 2067 1415 2114 4

334 2160 523 2232 potuerunt,
538 2151 707 2234 paulisper
721 2151 844 2216 nostris
855 2152 1045 2216 restiterunt
1058 2160 1161 2233 atque
1175 2151 1261 2214 inter
1276 2169 1384 2214 carros

336 2254 641 2338 impedimentaque
678 2255 843 2338 proelium
883 2255 1142 2334 commiserunt3
1183 2264 1219 2320 at
1257 2253 1413 2336 reliquas

336 2358 518 2424 multitudo
544 2378 723 2441 puerorum
750 2359 994 2441 mulierumque
1017 2356 1109 2445 (nam
1132 2378 1208 2423 cum
1230 2359 1385 2423 omnibus

335 2462 404 2526 suis
426 2462 529 2527 domo
548 2471 758 2529 excesserant
782 2462 1007 2545 Rhenumque
1028 2461 1239 2547 transierant)
1261 2463 1385 2545 passim

336 2565 450 2648 lugere
469 2566 604 2651 coepit3
624 2568 667 2633 ad
685 2588 770 2651 quos
790 2567 1031 2634 consectandos
1051 2564 1174 2631 Caesar
1195 2567 1381 2648 equitatum

336 2669 436 2734 misit.

381 2771 538 2838 Germani
577 2785 654 2859 post
690 2785 822 2859 tergum
859 2774 1004 2839 clamore
1039 2773 1166 2852 audito,
1198 2794 1276 2839 cum
1309 2795 1386 2840 suos
1398 2787 1437 2841 15

336 2875 475 2940 interfici
504 2878 663 2959 viderent,
691 2881 791 2943 armis
821 2879 960 2943 abiectis
989 2877 1158 2962 signisque
1189 2879 1386 2944 militaribus

336 2977 458 3044 relictis
479 3000 515 3044 se
537 3000 583 3044 ex
603 2983 718 3048 castris
739 2983 914 3063 eiecerunt,
937 2991 972 3046 ct
994 3001 1071 3046 cum
1095 2983 1139 3047 ad
1163 2982 1413 3049 confluentem2

212 3085 216 3094 '
337 3085 454 3151 Mosae
479 3096 514 3149 et
542 3083 650 3149 Rheni
680 3085 917 3168 pervenissent,
941 3084 1067 3168 reliqua
1096 3086 1175 3169 luga
1199 3087 1386 3171 desperata,

337 3208 461 3272 magno
490 3208 629 3254 numero
655 3187 837 3268 interfecto,
863 3187 979 3273 reliqui
1009 3210 1045 3254 se
1074 3191 1108 3253 in
1138 3189 1262 3257 flumen
1293 3211 1385 3276 prae

369 3363 476 3424 lup
500 3373 655 3418 puerorum
670 3361 834 3409 mulierum·
887 3359 917 3409 ol
925 3359 968 3409 the
978 3358 1053 3410 Mosa
1067 3359 1132 3410 fluvi
1181 3361 1235 3412 into
1250 3362 1294 3412 the
1305 3362 1386 3412 Rlune

336 3440 399 3485 qne.
435 3374 702 3476 Withusthewomen
712 3424 837 3490 naturally
887 3425 940 3490 (ιο,
961 3425 1023 3491 52),
1042 3427 1059 3475 b
1092 3425 1143 3476 vbi
1192 3427 1225 3477 he
1242 3443 1328 3478 means
1345 3429 1386 3479 the

336 3490 635 3557 precedethechlldren,
657 3491 701 3541 but
720 3491 836 3542 inLrtin
887 3491 1049 3555 partoithe
1105 3492 1386 3544 evhichisoslled

336 3507 836 3608 thecaseisasoilenasnotthereverse.
886 3556 930 3606 the
948 3556 1065 3608 Vacalus.
1099 3556 1179 3608 Goler
1195 3574 1315 3624 supposes
1332 3560 1386 3609 that

337 3621 836 3739 ς.,;ιιι91ι811ἰ.ι4,ςιοιιὸ,ιςι
886 3622 947 3672 the
956 3621 1043 3672 Mosa
1054 3622 1386 3675 heredoesuotmeanthe

337 3686 1386 3751 ii.,;8,13;3s§1.MassbnttheM0ael.Butiithis

370 3754 411 3801 15
438 3756 451 3812 ς
476 3766 498 3802 2.
525 3756 767 3815 confluentem‘
776 3770 836 3806 con·
886 3769 950 3804 were
971 3768 1007 3814 ιο,
1028 3754 1122 3806 Caesar
1138 3755 1214 3805 could
1232 3764 1276 3806 not
1295 3755 1340 3807 isil
1358 3763 1386 3806 to

337 3814 448 3867 linense!
481 3818 724 3887 Usedlntlreslng.
736 3820 836 3886 alsoby
885 3819 949 3869 have
968 3791 1023 3869 told
1044 3835 1075 3870 us
1094 3820 1149 3871 that
1170 3820 1202 3872 he
1224 3837 1282 3872 ιιοιι
1304 3834 1387 3873 meast

337 3880 417 3947 Pliny.
452 3883 555 3935 Forthe
570 3886 732 3937 substantirsl
748 3902 791 3937 use
808 3886 839 3937 of
886 3883 1027 3935 another
1008 3901 1072 3935 nrer
1092 3886 1156 3936 irom
1179 3885 1234 3937 that
1252 3887 1335 3939 which
1353 3887 1384 3937 be

337 3946 380 3997 tha
394 3898 535 4037 participle,
554 3950 757 4066 cpssprofluens,
775 3967 835 4002 con·
885 3949 936 3999 had
964 3951 1108 4016 previously
1129 3953 1190 4002 been
1214 3952 1337 4019 speaking
1359 3953 1388 4004 oi

336 4011 433 4064 tineus!
466 4013 559 4065 Caesar
628 4015 728 4081 already
739 4016 835 4083 spoken
885 4014 1114 4068 underthisuame.
