3234 5134
373 595 434 640 πω
718 587 747 640 c.
774 587 872 640 nnn
896 585 1085 639 cansanrs
1342 584 1429 654 [ns-

372 750 486 816 hostes
510 748 703 814 immittunt
755 749 818 828 Illi,
841 749 899 816 ubi
930 759 1061 834 praeter
1086 769 1182 834 spem
1204 768 1291 833 quos
1315 752 1427 831 fugere

373 853 552 919 credebant
581 851 708 919 infestis
730 855 832 939 signis
857 855 901 920 ad
934 875 971 920 se
999 855 1048 919 ire
1073 855 1238 932 viderunt,
1264 855 1426 937 impetum

375 958 478 1023 modo
500 957 583 1022 ferre
602 978 667 1022 non
688 968 869 1042 potuerunt
888 978 928 1023 ac
950 959 1059 1043 primo
1073 978 1232 1025 concursu
1257 958 1291 1021 in
1312 956 1427 1040 fugem

373 1061 513 1128 coniecti
530 1062 702 1145 proximas
716 1063 816 1127 silvas
833 1062 1009 1146 petierunt.
1042 1061 1138 1146 Quos
1150 1062 1322 1127 Labienus
1333 1061 1454 1144 equi-t

372 1175 445 1230 tatu
467 1175 679 1233 consectatus
702 1186 826 1252 magno
848 1186 987 1231 numero
1002 1165 1187 1242 interfecto,
1200 1165 1426 1248 complunirus

373 1270 479 1353 captis
500 1271 614 1355 paucis
631 1279 709 1353 post
727 1271 846 1336 diebus
863 1270 1032 1337 civitatem
1052 1269 1187 1355 recepit
1232 1269 1323 1334 Nam
1342 1267 1425 1334 Ger·

375 1374 473 1450 mani,
487 1375 544 1458 qui
567 1374 694 1439 auxilio
716 1375 903 1452 veniebant,
925 1385 1083 1459 perceptu
1104 1375 1325 1440 Treverorum
1348 1372 1428 1458 fuga

372 1497 445 1542 sese
470 1479 607 1544 domum
633 1488 837 1563 receperunt.
883 1478 970 1544 Cum
994 1478 1047 1543 his
1071 1478 1248 1564 propinqui
1276 1477 1454 1542 Indutio·⁸

374 1582 467 1658 mari,
489 1583 546 1666 qui
569 1582 764 1648 defectionis
785 1594 938 1648 auctores
961 1582 1101 1658 fuerant,
1123 1581 1274 1647 comitati
1296 1602 1355 1646 eos
1382 1602 1426 1647 ex

373 1687 506 1752 civitate
528 1698 750 1752 excesserunt.
796 1685 1014 1771 Cingetorigi,
1036 1706 1136 1770 quem
1160 1687 1205 1751 ab
1229 1686 1326 1750 initio
1351 1706 1456 1769 per-s

374 1791 535 1856 mansisse
558 1791 591 1854 in
616 1791 725 1856 officio
755 1792 1066 1870 demonstravimus,
1092 1790 1296 1874 principatus
1324 1801 1425 1873 atque

374 1895 548 1978 imperium
564 1905 614 1958 est
629 1895 801 1959 traditum.

205 2016 302 2066 Second
420 1996 551 2075 Caesar,
580 2008 757 2082 postquam
794 2019 840 2063 ex
877 1998 1042 2082 Menapiis
1071 1998 1104 2063 in
1133 1999 1295 2064 Treveros
1324 1998 1460 2076 venito

206 2081 350 2199 ffflhtf
374 2101 503 2168 duabus
525 2103 567 2167 de
589 2103 697 2166 causis
720 2101 877 2166 Rhenum
901 2103 1039 2167 transire
1061 2101 1257 2178 constituit3
1283 2122 1452 2185 quarums

374 2225 440 2269 una
454 2217 534 2283 erat,
542 2206 633 2287 quod
648 2206 775 2270 auxilia
789 2217 905 2271 contra
921 2228 957 2271 se
968 2207 1121 2272 Treveris
1136 2205 1302 2284 miserant,
1310 2204 1426 2283 altera,

373 2330 415 2374 ne
429 2311 471 2374 ad
493 2330 551 2376 eos
570 2309 748 2375 Ambiorix
768 2319 938 2395 receptum
957 2309 1104 2376 haberet.
1152 2310 1216 2374 His
1233 2310 1454 2381 constitutiss

373 2415 471 2480 rebus
497 2413 633 2496 paulum
659 2433 759 2496 supra
783 2433 860 2478 eum
887 2414 1008 2493 locum,
1032 2434 1102 2497 quo
1130 2423 1209 2478 ante
1237 2415 1425 2479 exercitum

373 2519 575 2596 traduxerat,
591 2518 699 2584 facere
713 2528 849 2602 pontem
865 2519 1016 2584 instituit.
1050 2518 1141 2583 Nota
1157 2527 1259 2601 atque
1273 2518 1454 2588 instituta4

374 2623 500 2687 ratione
510 2641 634 2706 magno
647 2623 790 2688 militum
801 2624 913 2688 studio
923 2622 1036 2705 paucis
1048 2622 1167 2688 diebus
1178 2642 1264 2706 opus
1275 2623 1425 2687 eflicitur.

375 2724 488 2788 Firmo
511 2727 543 2789 in
564 2727 717 2791 Treveris
737 2727 781 2791 ad
804 2736 944 2810 pontem
965 2726 1131 2808 praesidio
1149 2726 1273 2801 relicto,
1290 2747 1332 2791 ne
1351 2728 1451 2809 quisi

373 2827 417 2891 ab
437 2828 489 2891 his
504 2829 615 2893 subito
631 2839 742 2894 motus
761 2841 917 2905 oreretur,
933 2829 1076 2912 reliquas
1093 2830 1207 2913 copias
1221 2830 1425 2912 equitatum·

206 2955 331 3006 Thetim
373 2951 438 3013 que
457 2931 609 2996 traducit.
656 2932 746 3010 Ubii,
760 2933 819 3016 qui
838 2944 916 2998 ante
935 2933 1070 2998 obsides
1089 2933 1250 2997 dederant
1268 2942 1370 3016 atquc
1389 2934 1451 2997 in⁶

205 3020 271 3070 Μ
282 3020 361 3070 them-
374 3034 580 3100 deditionem
595 3046 761 3110 venerant,
776 3038 939 3120 purgandi
960 3038 1011 3101 sui
1026 3058 1124 3103 causa
1144 3038 1188 3101 ad
1203 3058 1280 3101 eum
1295 3035 1426 3120 legatos

206 3085 284 3135 selves
295 3087 324 3136 os

205 3152 350 3227 cumpunty
375 3141 522 3215 mittunt,
547 3139 605 3221 qui
632 3141 775 3205 doceant
797 3160 906 3223 neque
931 3141 1058 3206 auxilia
1080 3163 1125 3206 ex
1146 3162 1207 3206 sua
1232 3142 1366 3207 civitate
1389 3143 1423 3205 in

204 3216 318 3332 {fflf
374 3244 536 3309 Treveros
552 3244 659 3324 missa,
674 3263 781 3327 neque
796 3246 887 3309 absc
903 3245 1003 3310 fidem
1018 3247 1141 3310 laesam
1154 3270 1163 3324 ;
1185 3254 1304 3328 petunt
1321 3256 1451 3330 atque?

373 3360 480 3429 orant,
506 3359 545 3414 ut
569 3349 632 3413 sibi
659 3359 783 3432 parcat,
809 3369 852 3415 ne
878 3350 1044 3415 communi
1074 3350 1154 3414 odio
1183 3347 1423 3414 Germanorum

371 3488 453 3538 shield
469 3488 490 3537 it
509 3486 583 3537 could
604 3494 649 3537 not
665 3488 697 3538 be
714 3485 800 3552 pulied
817 3493 870 3548 ont,
924 3489 932 3515 ‘
942 3486 1007 3537 Cnm
1027 3484 1083 3537 his’
1100 3502 1159 3552 may
1175 3485 1239 3536 have
1255 3485 1377 3538 retemoe
1395 3495 1423 3537 to

372 3555 421 3602 and
438 3553 460 3603 if
473 3553 586 3616 skiliully
597 3553 679 3603 aimed
694 3552 744 3602 tud
758 3553 871 3616 strongly
922 3552 992 3610 time,
1005 3552 1131 3602 'comitnti
1143 3550 1201 3602 eos’
1211 3560 1239 3602 to
1251 3551 1331 3616 place.

371 3617 494 3668 hunched
524 3620 543 3669 it
573 3619 648 3669 could
681 3618 760 3683 easily
790 3620 871 3683 pierce
955 3621 982 3668 9.
1004 3622 1017 3678 5
1038 3628 1060 3681 7.
1086 3624 1120 3667 nt
1144 3655 1150 3667 .
1174 3653 1182 3668 .
1204 3654 1212 3668 .
1231 3632 1277 3667 ne.
1313 3617 1423 3682 Perhaps

371 3681 714 3748 thronghnooatoimcil.C
749 3681 872 3748 Apim‘s
922 3698 938 3731 a
954 3683 1057 3734 esseni
1129 3681 1357 3740 detnmboth‘ut'
1373 3683 1422 3733 nod

372 3746 521 3812 description
545 3749 588 3809 (iv.
613 3751 638 3814 1)
660 3749 689 3799 oi
736 3765 750 3800 e
773 3700 870 3799 fiumen
923 3747 987 3799 ‘ne'
1006 3749 1085 3812 deperi
1104 3750 1110 3761 ”
1167 3764 1200 3799 on
1223 3752 1325 3813 ‘petunt
1347 3755 1423 3813 atque

374 3811 486 3876 ‘pilum'
497 3831 533 3874 or,
543 3830 572 3864 es
585 3814 628 3865 the
640 3815 734 3867 Greeks
748 3815 870 3874 callenti,
922 3813 1010 3865 orent!
1032 3814 1080 3880 Cp.
1090 3814 1132 3865 At.
1145 3829 1187 3878 33,
1199 3817 1212 3873 ἱ
1225 3830 1242 3876 4
1254 3814 1421 3875 ‘cohortatum

372 3875 454 3928 ionis.
922 3881 958 3930 nti
974 3895 1049 3931 menn
1065 3881 1130 3931 iacta
1145 3895 1171 3930 re
1186 3896 1215 3930 su
1261 3895 1293 3930 ue
1306 3879 1422 3930 deiende·

407 3946 419 4000 i
434 3944 456 3992 8.
472 3946 617 3996 omnis.
632 3981 658 3996 ..
672 3949 801 3997 comitati
813 3961 871 3996 oon.
921 3955 1025 4005 rennos
1041 3946 1092 3996 suis
1109 3944 1245 3996 inimicias
1262 3946 1423 4011 veturii-que

372 4007 509 4058 ‘Comitati
526 4008 583 4059 eos’
600 4010 681 4074 might
698 4011 757 4062 well
773 4013 805 4062 be
822 4013 871 4061 dis·
921 4011 989 4062 dicto
1005 4010 1133 4062 andimtes
1149 4007 1258 4062 erseut’:
1277 4010 1331 4061 Cic.
1346 4011 1422 4062 Roec.

371 4072 465 4139 pensed
479 4073 540 4123 with
556 4074 618 4125 aiter
634 4075 716 4126 ‘Cum
732 4076 789 4127 his’
824 4077 872 4126 But
921 4078 980 4126 Am.
991 4080 1027 4140 §7
1041 4080 1110 4143 'peto
1121 4075 1422 4143 utpecuniaiortunisque
