3234 5134
230 650 275 698 aa.
290 647 318 714 1]
473 646 527 696 oe
550 645 672 697 sarto
698 644 865 698 enemo,
916 645 986 698 crs.
1012 647 1044 697 n
1239 634 1280 712 89

231 819 319 873 esset
349 818 542 891 quantoque
573 809 605 872 in
632 809 780 892 periculo
803 818 838 874 et
868 817 978 873 castra
1006 817 1040 871 et
1070 807 1217 892 legiones
1246 818 1280 871 et

233 913 413 995 imperator
433 920 627 988 versaretur,
645 913 886 996 cognovissent,
904 912 985 977 nihil
1008 914 1052 978 ad
1075 912 1279 977 celeritatem

232 1017 294 1080 sibi
310 1016 425 1099 reliqui
441 1016 597 1081 iecerunt.

178 1124 219 1178 27
278 1119 409 1183 Horum
425 1120 571 1183 adventu
587 1129 681 1184 tanta
696 1140 803 1184 rerum
825 1120 1044 1184 commutatio
1062 1130 1113 1183 est
1131 1119 1228 1196 lacta,
1244 1130 1280 1184 ut

234 1225 337 1287 nostri
353 1220 452 1287 etiam
470 1223 527 1305 qui
542 1222 732 1289 vulneribus
748 1222 891 1287 coniecti
906 1223 1165 1305 procubuissent,
1180 1224 1282 1288 scutis

233 1328 340 1392 innixi
358 1326 521 1410 proelium
543 1328 823 1410 redintegrarent3
846 1339 919 1392 turn
940 1328 1072 1392 calones
1092 1328 1282 1410 perterritos

234 1433 347 1496 hostes
372 1432 552 1516 conspicati
580 1431 681 1495 etiam
712 1431 854 1495 inermes
884 1431 1019 1496 armatis
1048 1443 1282 1507 occurrerunt3

207 1536 363 1619 aequites
392 1556 479 1610 vero,
511 1545 548 1599 ut
578 1534 817 1618 turpitudinem
847 1534 945 1618 fugae
974 1535 1096 1599 virtute
1125 1534 1284 1615 delerent,

235 1639 388 1705 omnibus
413 1640 446 1703 in
470 1640 552 1703 locis
578 1647 736 1722 pugnant,
761 1658 829 1721 quo
854 1659 890 1703 se
911 1638 1100 1722 legionariis
1122 1640 1284 1703 militibus

208 1743 445 1825 3praelerrent.
489 1742 540 1808 At
566 1742 680 1807 hostes
709 1743 811 1806 etiam
839 1743 872 1806 in
899 1753 1050 1807 extrema
1079 1764 1138 1826 spe
1167 1743 1284 1808 salutis

236 1856 363 1912 tantam
392 1848 547 1912 virtutem
578 1847 826 1929 praestiterunt,
858 1855 903 1922 ut,
934 1866 1010 1910 cum
1041 1847 1138 1929 primi
1168 1867 1282 1912 eorum

236 1952 439 2027 cecidissent,
476 1950 623 2035 proximi
659 1950 843 2014 iacentibus
878 1951 1065 2016 insisterent
1102 1962 1203 2032 atque
1239 1972 1283 2014 ex

207 2075 350 2125 4eorum
366 2053 557 2139 corporibus
569 2066 774 2138 pugnarent3
802 2054 853 2117 his
869 2054 1005 2119 deiectis
1025 2075 1064 2118 ac
1084 2056 1284 2119 coacervatis

236 2159 460 2234 cadaveribus,
490 2158 547 2240 qui
584 2167 803 2241 superessent,
833 2167 870 2221 ut
904 2177 948 2220 ex
984 2157 1115 2222 tumulo
1151 2156 1218 2222 tela
1251 2158 1285 2221 in

208 2282 222 2331 5
237 2271 368 2327 nostros
384 2263 569 2328 conicerent
585 2273 619 2326 et
634 2260 701 2344 pila
717 2263 901 2344 intercepta
916 2263 1140 2327 remitterent:
1164 2272 1201 2325 ut
1219 2281 1285 2325 non

238 2368 440 2449 nequiquam
455 2376 570 2431 tantae
580 2365 710 2430 virtutis
725 2365 878 2430 homines
889 2365 1024 2429 iudicari
1036 2366 1172 2429 deberet
1188 2385 1285 2429 ausos

238 2492 310 2535 esse
339 2471 480 2536 transire
509 2469 705 2535 latissimum
735 2469 868 2544 flumen,
898 2470 1077 2533 ascendere
1109 2468 1286 2534 altissimas

239 2576 336 2657 ripas,
348 2575 458 2639 subire
470 2574 708 2657 iniquissimum
725 2573 853 2649 locum;
876 2592 962 2655 quae
976 2571 1084 2637 facilia
1099 2592 1144 2636 ex
1158 2572 1287 2637 difficil-

239 2679 327 2741 limis
343 2679 444 2742 animi
462 2679 656 2762 magnitudo
671 2679 852 2759 redegerat

176 2795 220 2848 28
286 2782 362 2846 Hoc
377 2782 505 2865 proelio
521 2780 608 2846 lacto
624 2794 658 2847 et
674 2801 778 2866 prope
796 2780 839 2844 ad
859 2780 1114 2845 internecionem
1130 2790 1230 2864 gente
1248 2802 1286 2846 ac
1299 2795 1432 2846 swendet

240 2887 374 2950 nomine
389 2886 587 2950 Nerviorum
604 2886 739 2950 redacto
762 2885 903 2950 maiores
917 2894 1007 2962 natu,
1023 2904 1108 2966 quos
1130 2905 1286 2949 unacum
1300 2861 1393 2977 ffi

273 3104 286 3159 ς
309 3112 332 3162 5.
349 3100 424 3147 nihil
440 3134 447 3147 .
463 3133 470 3147 .
488 3134 495 3146 .
513 3099 625 3157 reliqui.
659 3095 707 3161 Cp.
724 3097 742 3145 i.
784 3095 877 3145 Caesar
888 3095 1009 3146 hasosten
1019 3095 1186 3160 beenpraised
1197 3096 1236 3145 for
1247 3095 1289 3147 the

240 3178 280 3224 11,
295 3169 308 3224 ς
322 3179 336 3229 5
352 3163 427 3213 ‘nihil
439 3201 446 3212 .
459 3200 465 3212 .
478 3199 485 3214 .
497 3162 601 3228 reliqui!
784 3161 863 3211 credit
873 3161 928 3212 that
935 3161 967 3212 he
974 3162 1076 3212 aocords
1087 3173 1114 3211 to
1125 3160 1165 3210 his
1175 3162 1289 3211 enemies.

271 3233 314 3283 m.
334 3233 346 3288 i
367 3244 388 3279 1.
411 3237 604 3279 occurrerunt.
638 3228 743 3279 Coordi-
785 3227 835 3276 But
844 3243 882 3277 we
894 3238 958 3277 must
969 3237 1014 3278 not
1030 3228 1110 3292 iorget
1121 3226 1176 3277 that
1187 3227 1256 3276 there
1267 3228 1290 3276 is

239 3303 297 3344 nate
318 3295 379 3345 with
402 3298 499 3344 ‘rerum
521 3296 683 3344 commutatio
706 3302 743 3344 est
784 3308 801 3341 a
830 3293 911 3343 subtle
937 3293 1068 3344 rhetorical
1095 3292 1180 3343 deviae
1207 3292 1289 3342 called

240 3358 320 3409 faeta)
371 3360 441 3409 Then
469 3359 511 3409 the
533 3360 744 3425 camp-followers
785 3358 976 3415 ‘ratiocinaris’
984 3359 1064 3410 which
1076 3358 1214 3421 Quintilian
1223 3359 1285 3420 (viii.

239 3425 584 3477 becameasbraveaslions
785 3424 1290 3490 4,§ao)illustmtestbus-‘Sicquoque

274 3495 323 3549 §a
341 3495 472 3540 omnibus
483 3494 515 3539 ln
525 3494 596 3541 louis
607 3498 743 3553 pugnant,
784 3490 848 3540 solet
867 3506 898 3540 ex
915 3490 967 3540 alio
983 3490 1052 3539 aliud
1068 3490 1165 3553 augeri:
1188 3498 1216 3538 ut
1233 3506 1289 3540 cum

239 3560 293 3613 bo„
306 3556 484 3605 ‘stroveinall
500 3565 570 3621 parts
584 3557 614 3607 of
625 3557 668 3607 the
686 3557 744 3607 field
786 3555 935 3607 Hannibalis
963 3556 1060 3605 bellicis
1091 3553 1206 3603 laudibus
1238 3572 1289 3605 am·

240 3629 268 3671 to
279 3629 316 3671 set
333 3620 480 3671 themselves
496 3623 521 3671 in
537 3623 647 3672 advance
658 3622 688 3672 ol
700 3623 744 3672 the
785 3621 878 3686 pliatur
892 3624 969 3671 virtus
983 3618 1114 3685 Scipionis,
1125 3626 1151 3668 et
1167 3620 1290 3669 fortitudi-

240 3687 367 3752 legionary
398 3685 501 3752 troopa’
543 3688 688 3754 ‘pagnant,'
716 3705 745 3739 aa
786 3703 842 3737 nem
886 3686 1017 3736 Gallorum
1060 3683 1289 3749 Germanorumque

239 3752 342 3802 historic
350 3760 455 3827 present,
464 3753 510 3827 tas
519 3753 577 3803 here
588 3757 630 3804 the
641 3754 745 3805 historie
786 3754 912 3836 miramu,
923 3766 973 3815 quo
990 3752 1022 3799 sit
1037 3749 1119 3798 maior
1134 3748 1164 3800 C.
1177 3749 1290 3800 Caesaris

240 3832 484 3935 mlenc'lffh’iscberibe
495 3832 533 3933 Iolf’
543 3824 610 3950 5q⁵no
619 3825 744 3934 :liugom
785 3816 874 3947 glbnb·
886 3896 957 3941 quae
974 3883 1085 3931 fauilla.
1098 3916 1105 3929 .
1116 3916 1123 3929 .
1134 3884 1290 3940 redegerat.

240 3949 311 4000 usual
328 3949 410 3999 where
426 3949 494 3998 there
508 3950 555 3999 isa
568 3952 744 4015 comparative.
787 3948 838 3998 For
852 3948 895 3997 the
906 3947 998 3997 double
1013 3962 1063 3996 acc
1075 3947 1137 3996 with
1148 3946 1291 4012 ‘redigere‘

241 4018 290 4065 But
306 4032 346 4081 ep.
367 4016 417 4065 viii.
436 4029 475 4077 24,
493 4019 531 4074 §r
552 4018 631 4081 ‘quae
647 4016 744 4067 bellum
786 4030 826 4079 cp.
838 4013 871 4063 iv.
884 4027 907 4075 3,
927 4015 1009 4077 §4-‘
1021 4013 1077 4062 Hos
1093 4013 1173 4063 multo
1190 4013 1291 4063 humili-

241 4089 348 4147 pararet,
360 4096 410 4146 quo
421 4080 469 4131 sibi
480 4079 617 4132 resisteret)
786 4096 841 4131 ores
852 4079 1045 4145 infirmioresque
1055 4078 1215 4144 redegerunt!

275 4154 325 4214 55.
346 4156 379 4199 ut
406 4162 464 4198 non
490 4150 670 4207 nequiquam,
698 4150 744 4197 &o
