3234 5134
351 545 411 609 ιω
703 554 731 605 c
757 553 1065 607 1vtr1c⁴rsms
1316 551 1399 620 [ss-

351 716 496 802 amplius
517 713 730 800 octingentae
752 735 822 782 uno
846 727 943 782 erant
963 716 1057 782 visae
1076 725 1239 798 tempore,
1261 733 1283 778 a
1304 713 1399 779 litore

350 822 570 888 discesserant
583 839 622 886 ac
636 840 673 884 se
691 819 725 884 in
740 820 911 903 superiora
925 819 999 887 loca
1011 818 1219 886 abdiderant

396 923 519 991 Cacsar
536 923 692 1008 exposito
709 924 860 989 exercitu
875 934 911 990 et
928 922 1004 989 loco
1022 923 1141 989 castris
1156 922 1277 988 idoneo
1291 931 1397 1003 capto,
1411 928 1434 981 ο

182 993 314 1110 m,
353 1028 409 1093 ubi
430 1046 475 1091 ex
499 1027 641 1112 mpuvn
666 1028 832 1112 cognovit,
859 1048 927 1111 quo
954 1027 988 1092 tn
1014 1027 1089 1093 1000
1111 1027 1259 1092 hosfium
1285 1025 1399 1109 eopse

182 1125 295 1240 Q
352 1131 589 1211 consedissent,
604 1131 796 1197 cohortibus
811 1134 927 1198 decem
943 1133 987 1197 ad
1008 1151 1100 1197 mare
1114 1131 1239 1197 relictis
1253 1139 1289 1193 et
1351 1129 1401 1191 ui-

183 1253 334 1319 agumue
352 1236 443 1301 tibus
468 1236 633 1314 trecentis,
655 1236 713 1319 qui
735 1237 902 1321 praesidio
927 1236 1070 1301 navibus
1091 1245 1212 1311 essent,
1303 1232 1401 1299 tertia

182 1334 305 1435 ἓξὲξ,
353 1339 467 1423 vigilia
491 1340 535 1405 ad
561 1338 676 1405 hostes
700 1340 884 1414 contendit,
907 1359 950 1404 eo
973 1341 1083 1404 minus
1104 1339 1229 1404 verinis
1251 1337 1401 1413 navibus,

182 1450 282 1526 tireio
354 1445 443 1527 quod
460 1444 494 1507 in
516 1443 613 1509 litore
631 1443 725 1509 molli
743 1453 846 1527 atque
864 1453 979 1530 aperto
1001 1442 1166 1527 deligatas
1183 1443 1227 1508 ad
1247 1461 1402 1507 ancoram

183 1523 324 1638 :Koma
354 1547 571 1631 relinquebat,
586 1559 620 1613 et
635 1548 801 1632 praesidio
820 1548 962 1614 navibus
977 1546 1142 1631 Quintum
1156 1546 1294 1611 Atrium
1309 1566 1404 1629 prae·

184 1653 325 1761 32²⁶*
354 1652 443 1719 iecit
490 1652 566 1737 lpse
580 1662 681 1718 noctu
695 1672 890 1738 progressus
910 1652 1003 1718 milia
1022 1671 1182 1737 passuum
1204 1651 1334 1717 circiter
1347 1662 1430 1713 xn²

184 1774 339 1841 ermgtold
354 1757 500 1823 bostium
530 1756 644 1840 copias
671 1756 882 1838 conspicatus
919 1766 978 1821 est
1024 1755 1079 1819 lili
1115 1755 1266 1839 equitatu
1302 1764 1431 1836 atques

354 1862 481 1926 essedis
506 1861 549 1924 ad
572 1858 696 1923 flumen
721 1860 887 1944 progressi
909 1880 955 1924 cx
978 1859 1053 1926 loco
1079 1861 1248 1945 superiore
1272 1869 1404 1923 nostros

354 1964 528 2049 prohibere
549 1972 584 2029 et
609 1962 771 2048 proelium
794 1964 1003 2029 committere
1024 1975 1213 2049 coeperunt
1263 1962 1433 2047 Repulsir

354 2070 399 2135 ab
413 2063 564 2152 equitatu
579 2086 617 2132 se
632 2067 667 2130 in
681 2066 781 2132 silvas
796 2068 997 2133 abdiderunt
1017 2068 1129 2134 locum
1144 2069 1257 2133 nancti
1272 2067 1405 2150 egregie

355 2182 389 2237 et
412 2182 530 2237 natura
551 2182 585 2236 et
607 2191 709 2255 opere
735 2172 910 2251 munitum,
930 2192 1032 2255 quem
1056 2173 1231 2238 domestici
1255 2172 1345 2250 belli,
1367 2182 1404 2235 ut

354 2276 539 2354 videbatur,
554 2294 652 2340 causa
676 2274 741 2339 iam
763 2286 842 2341 ante
861 2284 1159 2360 praeparaverant3
1182 2296 1259 2342 nam
1281 2275 1432 2341 crebriss

354 2380 528 2445 arboribus
543 2379 680 2443 succisis
695 2400 812 2444 omnes
833 2380 988 2445 introitus
1009 2391 1102 2445 eraut
1116 2379 1288 2464 praeclusi.
1334 2379 1403 2463 ipsi
1417 2388 1434 2438 s

354 2504 399 2548 ex
414 2482 505 2549 silvis
520 2482 584 2547 rari
604 2484 861 2568 propugnabant
881 2492 1077 2567 nostrosque
1099 2484 1184 2548 intra
1207 2482 1406 2548 munitiones

355 2587 485 2671 ingredi
502 2586 732 2672 prohibebant.
777 2585 830 2654 At
848 2587 970 2652 milites
993 2587 1135 2672 legionis
1156 2588 1318 2670 septimae
1338 2597 1434 2652 tes-7

355 2691 472 2756 tudine
502 2690 590 2756 sacta
620 2701 655 2756 et
684 2712 805 2776 aggere
834 2693 877 2756 ad
908 2693 1108 2756 munitiones
1138 2692 1269 2757 adiecto
1294 2691 1405 2756 locum

356 2803 512 2876 ceperunt
533 2814 656 2877 eosque
678 2816 722 2860 ex
744 2795 836 2860 silvis
859 2796 1057 2881 expulerunt
1080 2796 1196 2881 paucis
1217 2793 1407 2861 vulneribus

356 2897 511 2981 acceptis.
558 2897 626 2962 Sed
657 2918 715 2962 eos
739 2898 906 2981 fugientes
935 2900 1067 2983 longius
1099 2898 1223 2965 Caesar
1250 2900 1435 2983 prosequis

357 3000 474 3080 vetuit,
488 3010 522 3065 et
545 3001 635 3083 quod
657 2998 722 3064 loci
746 3013 899 3067 naturam
920 3004 1105 3086 ignorabat,
1121 3014 1155 3068 et
1175 3004 1265 3087 quod
1286 3023 1407 3086 magna

358 3115 452 3188 parte
468 3103 535 3169 diei
551 3115 747 3190 consumpta
768 3106 943 3172 munitioni
965 3118 1146 3173 castrorum
1162 3117 1296 3192 tempus
1310 3108 1406 3172 relin-

358 3209 415 3293 qui
430 3207 572 3273 volebat

404 3312 570 3378 Postridie
590 3311 661 3376 eius
682 3312 749 3406 diei
766 3332 864 3378 mane
885 3314 1052 3397 tripertito
1075 3314 1199 3379 milites
1213 3315 1408 3399 equitesque
1420 3335 1461 3388 10

360 3525 567 3663 quglqsm
585 3590 612 3650 b)
629 3527 734 3653 qoobisog
750 3521 862 3639 Cfflr'es
908 3525 1215 3653 colentislrnaociehiffig:
1221 3525 1409 3655 wer}

360 3650 496 3729 lieutenant
515 3653 591 3704 Cotta
610 3653 700 3718 speaks
723 3653 752 3702 ol
768 3654 863 3704 Caesar
909 3669 937 3704 ru
956 3668 1017 3718 pose
1038 3653 1131 3704 Caesar
1151 3663 1179 3704 to
1204 3654 1267 3705 bare
1291 3654 1336 3707 leit
1358 3664 1408 3706 two

361 3731 389 3765 us
406 3717 500 3783 banng
518 3719 617 3770 crosred
637 3726 665 3768 to
685 3718 778 3768 Britain
797 3716 862 3780 perd
909 3670 1150 3770 mbournouemh
1162 3720 1407 3786 ofhisfivelegims

361 3779 447 3842 χιλίαν
460 3783 625 3846 enodabat
642 3783 685 3834 the
702 3784 863 3850 langusgeis
943 3789 956 3844 5
981 3799 1004 3848 3.
1032 3788 1163 3844 mmmm
1187 3792 1274 3845 enus
1294 3790 1407 3837 cendia

362 3846 430 3896 there
446 3845 586 3910 rhetorical,
596 3850 629 3900 its
646 3849 728 3913 object
745 3851 819 3914 being
835 3859 863 3900 to
909 3849 960 3901 For
969 3850 1013 3900 the
1023 3849 1185 3910 collocation,
1195 3866 1235 3917 cp.
1247 3852 1280 3903 lv.
1294 3866 1334 3915 3²·
1347 3858 1361 3911 t
1372 3868 1396 3915 4

362 3910 502 3975 empbssize
514 3913 617 3965 theiact
631 3915 863 3991 that,despitethis
941 3918 1056 3993 flumen.
1087 3917 1143 3994 The
1165 3916 1243 3967 Grest
1266 3916 1341 3967 Stour
1367 3934 1408 3968 ac-

362 3975 863 4110 ultanndtrnfrant
908 3981 1322 4112 immitti&
1336 3983 1410 4034 ⁸³⁰¹²¹
