3234 5134
366 634 409 700 34
713 626 741 681 c.
767 629 865 682 rurrr
887 626 1075 683 cessans
1314 628 1370 695 [oe.
1385 640 1417 691 5-

199 800 312 852 aodsur·
368 790 574 856 continenter
595 790 721 856 ierunt:
748 791 874 857 nullam
896 802 1025 876 partem
1047 789 1153 856 noctis
1176 789 1294 854 itinere
1315 788 1416 852 inter·

196 866 327 982 {ffiff
368 894 469 959 misso
492 895 526 958 in
546 893 629 960 lines
650 894 839 979 Lingonum
864 896 920 960 die
944 905 1064 979 quarto
1088 901 1317 977 pervenerunt,
1338 910 1414 955 cum

196 998 286 1049 vivon.
367 1007 401 1063 et
436 1007 575 1082 propter
610 999 746 1064 vulnere
782 1000 925 1065 militum
965 1010 1000 1065 et
1036 1007 1171 1082 propter
1209 997 1414 1082 sepulturam

364 1102 549 1168 occisorum
562 1105 664 1168 nostri
675 1105 822 1169 triduum
835 1104 953 1170 moreti
964 1122 1022 1169 eos
1033 1104 1127 1185 sequi
1139 1122 1204 1167 non
1220 1102 1414 1186 potuissent.

366 1205 490 1271 Caesar
515 1209 558 1273 ad
583 1208 754 1290 Lingonas
779 1209 909 1274 litteras
929 1209 1127 1290 nuntiosque
1151 1206 1250 1281 misit,
1272 1210 1333 1270 ‘ne
1356 1210 1443 1271 e0s⁶

366 1309 530 1376 frumento
540 1332 624 1376 neve
639 1313 703 1378 alia
718 1333 753 1377 re
767 1312 933 1378 iuvarent:
957 1313 1013 1395 qui
1026 1312 1053 1377 si
1070 1312 1237 1384 iuvissent,
1248 1329 1284 1375 se
1295 1310 1412 1376 eodem

364 1413 449 1495 loco,
464 1434 532 1497 quo
550 1415 732 1494 Helvetios,
748 1416 960 1483 habiturum?
1005 1417 1083 1502 lpse
1102 1416 1212 1480 triduo
1228 1415 1413 1480 intermisso

336 1552 342 1585 s
365 1540 440 1585 cum
455 1521 609 1584 omnibus
623 1521 727 1605 copiis
742 1541 800 1587 eos
815 1521 910 1604 sequi
925 1521 1044 1603 coepit.

411 1622 557 1689 Helvetii
586 1625 737 1690 omnium
767 1644 877 1690 rerum
907 1626 1020 1708 inopia
1049 1624 1186 1689 adducti
1214 1623 1343 1706 legatos
1371 1623 1467 1686 dent

364 1728 534 1793 deditione
558 1729 601 1793 ad
627 1748 703 1794 eum
730 1731 897 1796 miserunt.
943 1728 1111 1812 Quicum
1137 1747 1212 1792 eum
1238 1728 1271 1791 in
1298 1728 1469 1797 itinerea,

364 1832 594 1896 convenissent
612 1852 715 1915 seque
734 1834 777 1898 ad
798 1834 902 1917 pedes
920 1831 1135 1915 proiecissent
1155 1831 1414 1915 suppliciterque

363 1934 465 2000 locuti
486 1935 603 2000 flentes
622 1956 740 2019 pacem
761 1937 930 2020 petissent,
944 1943 1046 2016 atque
1067 1954 1125 1999 eos
1139 1934 1174 1998 in
1189 1954 1232 1999 eo
1246 1934 1330 2013 loco,
1345 1954 1413 2016 quo

362 2050 435 2104 tum
454 2049 573 2115 essent,
589 2060 684 2104 suum
707 2040 887 2104 adventum
908 2048 1103 2123 exspectare
1123 2039 1279 2114 iussisset,
1297 2059 1412 2121 parue-

364 2153 449 2207 runt.
495 2143 547 2208 Eo
579 2153 759 2226 postquam
792 2143 917 2209 Caesar
947 2144 1106 2225 pervenit,
1135 2143 1277 2223 obsides,
1307 2162 1440 2217 armna

195 2256 295 2308 nmtte
364 2268 485 2326 servos,
518 2248 576 2328 qui
613 2248 656 2311 ad
689 2267 748 2311 eos
782 2246 1011 2331 perfugissent,
1042 2247 1204 2330 poposcit.
1249 2245 1340 2310 Dum
1371 2265 1440 2323 ea4

194 2329 327 2438 {ffiff‘m
364 2352 601 2434 conquiruntur
630 2361 664 2415 et
693 2349 913 2429 conferuntur,
940 2361 1039 2416 nocte
1068 2350 1254 2415 intermissa
1283 2350 1410 2415 circiter

196 2452 336 2519 Verbigent
362 2455 535 2521 hominurn
556 2456 647 2520 milia
661 2468 701 2520 Vt
721 2455 791 2519 eius
812 2457 900 2539 pagi,
915 2456 972 2537 qui
985 2454 1195 2539 Verbigenus
1215 2453 1410 2538 appellatur,

363 2560 432 2625 sive
452 2561 572 2626 timore
591 2560 764 2644 perterriti,
780 2580 822 2623 ne
845 2559 945 2624 armis
965 2560 1096 2624 traditis
1117 2558 1281 2645 supplicio
1301 2557 1409 2624 affice·

363 2674 484 2745 rentur,
498 2665 568 2730 sive
583 2684 642 2748 spe
657 2665 773 2729 salutis
788 2664 923 2742 inducti,
939 2665 1030 2747 quod
1046 2663 1079 2727 in
1094 2673 1187 2728 tauta
1199 2662 1411 2728 multitudine

363 2769 595 2833 dediticiorum
627 2789 721 2833 suam
756 2768 869 2851 sugam
904 2779 961 2833 aut
994 2766 1152 2833 occultari
1184 2778 1243 2833 aut
1273 2768 1411 2832 omnino

363 2872 507 2955 ignorari
534 2891 633 2956 posse
656 2872 897 2947 existimarent,
925 2872 1033 2954 prima
1059 2880 1158 2936 nocte
1184 2871 1298 2935 castris
1327 2870 1410 2934 Hel·

361 2974 526 3039 veriorum
562 2975 684 3057 egressi
718 2975 762 3038 ad
796 2974 952 3038 Rhenum
987 2974 1133 3057 finesque
1167 2974 1410 3039 Germanorum

363 3078 614 3144 contenderunt

405 3181 507 3265 Quod
529 3181 586 3248 ubi
607 3180 729 3246 Caesar
747 3181 866 3261 resciit,
882 3202 1023 3264 quorum
1042 3202 1102 3265 per
1121 3180 1202 3246 lines
1222 3181 1336 3259 ierant,
1351 3183 1410 3263 his,
1428 3188 1472 3241 28

362 3287 411 3351 uti
444 3287 693 3369 ‘conquirerent
721 3294 755 3350 et
788 3286 992 3363 reducerent,
1018 3284 1046 3349 si
1077 3284 1140 3350 sibi
1173 3288 1306 3371 purgati
1339 3309 1411 3352 esse

361 3389 503 3465 vellent,’
519 3389 711 3473 imperavit:
736 3390 890 3454 reductos
905 3389 938 3452 in
954 3388 1100 3453 hostium
1116 3409 1253 3454 numero
1273 3390 1436 3465 habuit32

393 3538 503 3584 nnllam
516 3535 692 3593 putemne.
724 3531 788 3582 This
803 3533 863 3598 only
910 3532 940 3582 oi
958 3532 1040 3583 which
1061 3533 1104 3585 the
1125 3534 1219 3600 subject
1244 3535 1266 3586 is
1290 3536 1410 3600 suddenly

361 3598 655 3723 “beabndreldnrbcnedbng
667 3604 822 3742 Βξῖΐῖῗιξ
846 3676 861 3725 3
908 3597 1199 3742 &berbicem
1233 3666 1282 3732 Cp.
1305 3671 1408 3730 12,§4

362 3728 548 3806 ‘Allobroges'
580 3730 636 3779 The
655 3728 780 3794 Lrngones
798 3729 862 3779 heve
910 3728 1075 3794 ‘Trgurmus’

387 3809 434 3843 ven
450 3796 514 3844 theu
528 3810 600 3845 neme
615 3795 763 3860 toLengres
779 3796 805 3846 in
818 3793 863 3845 the
941 3799 1019 3854 qnod
1040 3832 1047 3845 .
1068 3833 1074 3847 .
1097 3834 1105 3848 .
1126 3800 1328 3848 existiment
1361 3797 1408 3847 See

379 3867 517 3922 epnrtment
527 3860 556 3910 ol
565 3860 651 3911 Heute
662 3860 758 3913 Marce.
910 3873 949 3924 23,
964 3866 976 3919 5
990 3874 1005 3924 3
1018 3862 1100 3927 ‘quod
1112 3899 1119 3913 .
1131 3900 1138 3913 .
1151 3900 1157 3912 .
1169 3862 1350 3913 existimarent’

395 3926 437 3977 87.
460 3929 472 3984 t
496 3939 517 3974 2.
537 3927 596 3983 Qut
616 3962 624 3977 .
644 3962 650 3975 .
670 3960 677 3975 .
696 3931 860 3984 nonerunt.
941 3929 986 3976 88.
1008 3932 1020 3987 t
1041 3942 1064 3977 n.
1087 3931 1120 3977 in
1142 3932 1269 3979 hostium
1289 3941 1407 3978 numero

361 3989 474 4041 Between
484 3988 527 4041 the
538 3992 605 4040 mein
614 3990 708 4055 subject
719 3990 800 4056 ‘Qui'
812 3992 861 4042 end
907 3995 1017 4043 hebuit.
1050 3993 1076 4041 A
1084 3993 1239 4058 euphemism
1255 3992 1293 4042 lor
1307 3992 1406 4057 slsugh·

360 4057 393 4107 itr
408 4055 467 4105 verb
481 4056 721 4121 ‘pernemnt'there
736 4057 861 4108 interveue
907 4058 989 4122 ten'ng
1011 4058 1037 4108 in
1058 4057 1117 4109 oold
1136 4058 1221 4110 blood.
1254 4058 1303 4124 Cp.
1323 4059 1357 4108 ri
1379 4058 1405 4119 6,

360 4121 586 4173 lourrubordiuete
600 4121 740 4184 chemin
757 4121 861 4172 thelrrt
908 4126 958 4186 53.
