3234 5134
1550 300 1557 357 'l

1549 442 1551 447 Ι
1582 473 1583 506 l

1543 543 1549 578 Ι

385 619 446 682 ²³4
728 611 757 662 c
784 611 883 663 nan
902 612 1092 664 caesim
1378 613 1476 681 [mr

385 771 534 836 white
551 770 787 854 numm&
801 785 948 842 comt
963 773 1140 857 ‘quonum
1159 783 1255 838 tam
1280 773 1479 858 pmpinqm

386 876 449 940 sint
473 889 590 940 castra
611 887 646 938 et
668 877 695 938 si
718 896 796 958 pars
824 878 937 961 aliqua
964 879 1189 942 cirmmenta
1220 878 1424 948 ceciderit,
1447 885 1479 936 at

387 979 668 1060 reliquosservari
690 981 1015 1062 possemnfidunt';
1042 981 1184 1056 alst‘ut
1208 984 1257 1046 in
1286 984 1385 1065 iugo
1407 997 1502 1045 conl

385 1083 504 1146 sistant
518 1095 621 1166 atque
635 1085 778 1148 eundem
794 1107 911 1150 onmes
923 1087 1030 1150 ierant
1043 1085 1179 1152 ω’
1221 1087 1332 1152 Hoc
1349 1095 1501 1150 veteres*

387 1207 452 1248 non
479 1188 622 1269 probant
653 1189 783 1258 milites
812 1211 897 1273 quos
924 1192 989 1255 snb
1016 1190 1144 1255 vexillo
1173 1211 1253 1256 una
1294 1189 1482 1273 profectos

385 1292 569 1356 docuimus.
600 1292 718 1374 Itaque
733 1294 820 1357 inter
832 1315 870 1357 se
883 1295 1049 1360 cohortati
1063 1296 1148 1359 duce
1159 1293 1259 1359 Gaio
1275 1292 1480 1358 Trebonio.

385 1395 495 1476 equite
529 1396 693 1472 Romano,
717 1399 775 1480 qni
802 1399 849 1461 eis
877 1408 950 1463 erat
978 1399 1194 1481 praepositus,
1222 1419 1304 1481 per
1342 1395 1481 1460 medius

386 1500 499 1563 hostes
529 1515 745 1585 permmpunt
772 1502 1020 1586 incolumesque
1048 1504 1094 1566 ad
1122 1522 1229 1566 unum
1264 1521 1418 1567 omnes
1448 1498 1479 1560 in
1582 1499 1583 1506 ’

385 1615 494 1668 castra
519 1606 722 1688 perveniunt
780 1606 854 1670 Hos
883 1607 1050 1671 snoeecuti
1075 1606 1211 1669 calones
1244 1607 1497 1688 equimnqnes

386 1709 505 1773 eodem
520 1709 646 1793 impetu
671 1711 812 1774 militnm
831 1711 955 1775 virtine
975 1723 1155 1774 servantur.
1200 1709 1255 1774 At
1281 1712 1327 1776 ii.
1348 1709 1419 1791 qui
1443 1706 1499 1767 inl
1582 1749 1583 1792 p

385 1812 463 1896 iugo
477 1815 699 1891 constiterat,
715 1815 805 1878 nullo
827 1815 929 1878 etiam
944 1834 1033 1878 nunc
1046 1835 1108 1878 usu
1131 1813 1177 1878 rei
1193 1814 1375 1878 militaris
1392 1829 1473 1894 per·
1582 1823 1583 1880 l

385 1929 484 2001 cepto
495 1938 602 2000 neque
617 1917 650 1981 in
665 1938 715 1992 eo,
730 1919 822 2002 quod
837 1918 1067 2000 probaverant,
1079 1917 1218 1982 consilio
1234 1933 1471 2000 permanete.

384 2033 421 2084 nt
436 2043 472 2086 se
492 2021 564 2086 loco
583 2021 751 2103 superiore
770 2021 996 2088 defenderent
1012 2040 1121 2103 neque
1141 2041 1223 2086 mm
1238 2042 1361 2104 quarn
1384 2038 1466 2103 prn-

385 2128 481 2191 desse
494 2125 566 2189 aliis
580 2126 647 2188 vim
659 2124 928 2207 celeritatemque
941 2126 1105 2202 viderant,
1116 2125 1233 2189 imitari
1246 2131 1464 2206 potuentnt,

384 2231 444 2294 sed
459 2250 495 2294 se
514 2231 547 2293 in
566 2238 673 2292 castra
694 2229 836 2313 recipere
858 2230 969 2294 conati
989 2229 1137 2312 iniquum
1153 2227 1322 2293 inlocum
1341 2225 1460 2294 demi-

385 2344 507 2399 serunt
561 2332 787 2410 Centuriones,
809 2352 950 2416 qnorum
980 2334 1130 2397 nonnulli
1158 2353 1203 2396 ex
1229 2332 1484 2397 inierion‘bust
1582 2357 1583 2396 l

384 2438 555 2503 ordinibus
567 2437 764 2521 reliquarum
778 2436 946 2521 legionum
956 2437 1086 2501 virtutis
1096 2437 1238 2501 causain
1248 2438 1455 2519 superiores
1582 2433 1583 2436 ’

385 2553 480 2604 erant
497 2543 629 2606 ordines
647 2542 743 2605 huius
760 2542 900 2625 legionis
921 2542 1073 2617 traducti,
1087 2561 1130 2604 ne
1145 2550 1223 2604 ante
1242 2552 1387 2624 partam
1405 2536 1452 2601 rei

385 2645 534 2708 militaris
560 2645 691 2711 laudem
717 2646 917 2714 amitterent
944 2644 1120 2709 fortissime
1144 2655 1334 2727 pugnantes
1362 2662 1449 2709 con·

384 2749 542 2817 ciderunt
581 2749 724 2813 Militum
740 2770 816 2832 pars
831 2750 948 2813 horum
964 2750 1086 2812 virtute
1103 2748 1267 2813 submotis
1281 2747 1476 2813 hostibuss

385 2862 516 2933 praeter
530 2874 624 2936 spem
640 2853 812 2918 incolumis
827 2853 860 2917 in
875 2863 985 2917 castra
995 2853 1153 2937 pervenit,
1165 2873 1243 2936 pars
1253 2874 1275 2915 a
1285 2851 1445 2917 barbaris
1582 2871 1583 2904 l

383 2955 606 3020 circumventa
620 2957 727 3039 periit

215 3074 270 3124 'she
427 3057 584 3123 Germani
618 3061 795 3142 desperata
831 3059 1081 3144 expugnatione
1117 3071 1310 3137 castrorum,
1342 3058 1440 3143 quod
1453 3068 1488 3124 41

215 3142 357 3256 imit
384 3174 515 3230 nostros
537 3162 602 3228 iam
628 3165 816 3228 constitisse
840 3165 873 3227 in
900 3164 1137 3228 munitionibus
1162 3164 1330 3240 videbant
1358 3185 1437 3230 cum

215 3271 367 3336 rhenbooty,
383 3289 423 3334 ea
448 3269 582 3354 praeda,
606 3287 705 3350 quam
729 3268 762 3331 in
788 3267 880 3332 silvis
905 3269 1136 3351 deposuerant,
1160 3277 1251 3332 trans
1276 3267 1437 3334 Rhenum

382 3452 885 3573 un
931 3453 1271 3570 nisurus
1346 3457 1435 3570 et

382 3588 475 3638 several
494 3585 599 3637 soldier
615 3593 643 3636 to
660 3588 693 3636 be
708 3586 882 3638 conoentrated
930 3585 1041 3636 ‘forfex'
1060 3592 1088 3635 to
1107 3585 1202 3636 iuclose
1219 3536 1265 3636 it.y
1284 3536 1434 3636 Unrgertngme

382 3655 489 3703 onrrtn
508 3652 533 3702 le
576 3651 881 3717 intintheenemy‘sline.
931 3651 1033 3717 Emplre
1048 3650 1168 3701 ‘cuneus‘
1183 3667 1254 3703 ame
1271 3659 1299 3701 to
1319 3651 1350 3700 be
1369 3651 1432 3702 used

383 3668 521 3767 Itmefil
561 3715 881 3782 bythesoldienaswine'r
930 3716 1050 3767 iorsome
1061 3716 1169 3767 division
1180 3716 1261 3767 nithe
1271 3732 1350 3792 army.
1383 3717 1431 3766 See

382 3779 447 3830 heed
459 3781 560 3847 Caput
571 3781 716 3848 porcinum'
733 3783 780 3834 See
791 3784 879 3849 Veget.
930 3782 1000 3833 Lret
1014 3782 1175 3833 Div.1nrt.l.
1188 3796 1203 3845 3
1215 3782 1327 3845 ‘Quodn
1341 3782 1366 3830 in
1379 3796 1430 3831 nno

382 3845 417 3894 iit,
432 3848 481 3910 19).
516 3852 539 3896 Α
548 3849 639 3898 oertain
648 3849 752 3899 number
760 3850 790 3899 oi
797 3865 879 3915 snper·
929 3849 1037 3899 exercitu
1048 3855 1086 3898 tot
1095 3848 1184 3898 inerint
1192 3850 1358 3912 imperatorer,
1367 3857 1429 3912 quot

382 3910 530 3961 nnmenrler
544 3927 608 3963 were
623 3914 684 3978 kept
699 3915 774 3978 ready
785 3915 824 3964 ior
837 3915 880 3964 tlte
929 3912 1051 3979 legiones,
1060 3922 1123 3979 quot
1137 3914 1259 3971 cohortes,
1274 3919 1335 3990 quot
1348 3913 1428 3972 eund,

380 3975 515 4052 formation
533 3977 563 4026 oi
579 3994 595 4027 a
610 3978 734 4040 ‘cuneus'
745 3980 818 4030 when
836 3979 878 4031 de·
930 3988 991 4044 quot
1009 3979 1082 4031 alre:
1102 3979 1210 4044 primum
1223 3993 1269 4029 noc
1283 3978 1369 4028 instrui
1384 3992 1430 4042 po·

381 4040 455 4101 died,
477 4038 582 4091 without
605 4041 761 4094 dirtmbnnoe
785 4054 814 4095 to
835 4044 879 4095 the
929 4046 986 4095 terit
998 4044 1080 4096 scies?

380 4104 479 4172 general
490 4103 569 4155 order.
602 4106 882 4173 'l'nepropermodeoi
906 4107 909 4114 ⁴
