3234 5134
370 610 431 655 210
714 603 742 656 c.
769 604 868 657 rurrr
891 605 1081 659 cArsAms
1353 608 1397 674 [r.
1410 605 1445 654 r-

204 771 354 826 emorsus
373 766 539 831 ficiscitur.
585 764 637 829 Illi
656 765 747 831 nulla
764 777 880 833 coacta
902 789 1002 834 manu
1023 766 1088 835 loci
1108 769 1282 853 praesidio
1302 768 1389 836 freti
1410 771 1472 834 in:

204 839 336 956 mm
373 872 471 936 silvas
486 869 689 955 paludesque
703 871 898 957 confugiunt
913 894 1040 958 suaque
1056 873 1176 939 eodem
1191 875 1390 939 conferunt„

205 970 288 1083 ζῶ(
417 974 541 1041 Caesar
554 977 685 1057 partitis
699 977 804 1061 copiis
819 998 896 1042 cum
913 977 999 1044 Gaio
1016 977 1123 1044 Fabio
1133 977 1245 1062 legato
1259 989 1298 1044 et
1313 978 1477 1043 Μυσοῦ

235 1035 324 1101 corpu
375 1075 495 1144 Crasso
512 1091 687 1162 quaestore
708 1080 925 1166 celeriterque
944 1083 1072 1148 effectis
1094 1083 1254 1166 pontibus
1276 1084 1355 1147 adit
1380 1082 1447 1146 tri-

373 1183 505 1268 pertito,
519 1183 668 1249 aedificia
683 1186 841 1268 vicosque
861 1187 1015 1266 incendit,
1031 1208 1155 1272 magno
1174 1187 1306 1271 pecoris
1327 1197 1447 1268 atque

373 1287 545 1352 hominum
562 1308 699 1354 numero
714 1290 850 1373 potitur.
895 1289 1027 1374 Quibus
1041 1293 1141 1356 rebus
1155 1290 1264 1357 coacti
1277 1290 1445 1374 Menapii
1459 1311 1471 1342 ι

375 1391 503 1474 legatos
534 1396 577 1459 ad
610 1414 685 1457 eum
719 1393 811 1478 pacis
841 1398 1006 1480 petendae
1032 1415 1133 1460 causa
1158 1394 1309 1460 mittunt
1374 1394 1472 1459 Illet

375 1497 548 1563 obsidibus
569 1498 714 1581 acceptis
735 1498 881 1562 hostium
904 1520 941 1563 se
962 1498 1156 1562 habiturum
1183 1519 1324 1563 numero
1352 1520 1442 1563 con·

375 1600 494 1680 firmat,
508 1603 536 1667 si
557 1612 616 1668 aut
638 1601 871 1685 Ambiorigem
892 1615 952 1668 aut
974 1602 1045 1668 eius
1068 1602 1198 1686 legatos
1215 1600 1340 1667 finibus
1363 1604 1441 1667 suis

375 1708 582 1790 recepissent.
618 1706 681 1771 His
694 1705 899 1772 confirmatis
912 1709 1010 1772 rebus
1024 1706 1215 1773 Commium
1229 1705 1469 1772 Atrebatem

375 1830 451 1875 cum
474 1811 623 1894 equitatu
647 1811 794 1876 custodis
816 1809 892 1876 loco
912 1811 946 1875 in
969 1810 1135 1894 Menapiis
1156 1809 1333 1893 relinquit3
1357 1812 1437 1894 ipse

375 1913 409 1977 in
424 1914 586 1980 Treveros
606 1914 830 1997 proficiscitur.

209 2020 345 2072 nicanum
421 2018 512 2083 Dum
528 2018 609 2082 haec
624 2038 645 2082 a
661 2017 803 2084 Caesare
822 2026 991 2101 geruntur,
1005 2017 1142 2082 Treveri
1158 2017 1286 2100 magnis
1301 2018 1466 2081 coact'url

208 2087 333 2202 12²3&
379 2123 545 2204 peditatus
558 2123 790 2205 equitatusque
802 2121 904 2203 copiis
918 2121 1104 2186 Labienum
1116 2141 1193 2185 curn
1208 2141 1275 2185 una
1285 2118 1432 2204 legione,

207 2218 366 2349 330}wa
379 2245 465 2308 quae
480 2228 513 2291 in
528 2247 642 2291 eorum
657 2224 778 2289 finibus
793 2225 1006 2299 hiemaverat,
1020 2225 1140 2289 adoriri
1155 2226 1328 2307 parabant,
1346 2225 1430 2289 ianr·
1447 2248 1461 2280 ι

209 2353 277 2399 ruem
286 2349 444 2413 tutorque
466 2330 510 2395 ab
535 2351 664 2395 eonon
699 2329 830 2412 longius
853 2328 945 2393 bidui
976 2330 1031 2393 via
1061 2329 1209 2405 aberant,
1233 2348 1311 2392 cum
1345 2330 1431 2393 duas

208 2423 346 2482 premitur
379 2436 507 2501 venisse
539 2435 685 2520 legiones
722 2435 823 2499 missu
855 2433 1004 2500 Caesaris
1040 2442 1255 2517 cognoscunt
1309 2433 1458 2504 Positiss

209 2497 304 2598 {ff
379 2541 494 2605 castris
517 2560 537 2604 a
560 2539 689 2604 milibus
711 2559 869 2624 passuum
893 2551 944 2601 xv
966 2536 1091 2603 auxilia
1107 2535 1350 2602 Germanorum
1368 2558 1430 2601 ex·

378 2656 530 2725 spectare
541 2645 752 2709 constituunt
785 2642 953 2709 Labienus
968 2642 1115 2706 hostium
1131 2643 1267 2724 cognito
1278 2642 1430 2719 consilio,
1443 2669 1458 2715 4

379 2765 513 2828 sperans
536 2748 723 2813 temeritate
743 2768 857 2812 corum
880 2747 949 2811 fore
969 2745 1116 2830 aliquam
1131 2735 1312 2811 dimicandi
1327 2746 1430 2811 sacul-

379 2859 494 2927 tatem‚
510 2852 673 2934 praesidio
688 2852 835 2935 quinque
849 2850 1034 2918 cohortium
1054 2850 1300 2935 impedimentis
1315 2850 1431 2915 relicto

379 2973 456 3016 cum
492 2955 607 3037 viginti
644 2955 790 3038 quinque
827 2953 1018 3020 cohortibus
1055 2973 1244 3039 magnoque
1280 2955 1429 3037 equitatu

380 3067 495 3124 contra
512 3058 642 3122 hostem
666 3056 883 3140 proficiscitur
902 3067 937 3124 et
954 3056 1045 3121 mille
1068 3077 1224 3141 passuum
1241 3058 1430 3123 intermisso

380 3162 489 3246 spatio
515 3169 623 3227 castra
648 3162 842 3226 communit
889 3162 973 3226 Erat
997 3162 1082 3226 inter
1110 3160 1297 3227 Labienum
1327 3172 1458 3244 atques

381 3269 512 3332 hostem
527 3266 651 3331 difficili
666 3267 806 3331 transitu
823 3264 946 3330 flumen
961 3264 1107 3348 ripisque
1122 3266 1314 3348 praeruptis.
1354 3265 1431 3330 Hoc

380 3392 488 3456 neque
503 3373 574 3456 ipse
588 3372 724 3437 transire
739 3370 885 3435 habebat
899 3371 932 3433 in
949 3368 1061 3434 animo
1071 3389 1178 3452 neque
1188 3369 1301 3434 hostes
1312 3371 1430 3436 transi-

381 3486 475 3542 turos
497 3478 720 3543 existimabat.
764 3474 964 3556 Augebatur
981 3473 1183 3537 auxiliorum
1203 3473 1326 3538 cotidie
1346 3492 1461 3557 spese

383 3581 547 3665 Loquitur
569 3582 602 3646 in
625 3578 762 3645 concilio
789 3577 911 3664 palam,
938 3577 1095 3661 quoniam
1124 3575 1282 3641 Germani
1309 3597 1429 3661 appro-

383 3684 543 3768 pinquare
566 3687 726 3764 dicantur,
752 3704 825 3748 sese
851 3702 928 3746 suas
958 3681 1190 3765 exercitusque
1219 3681 1366 3746 fortunas
1396 3683 1430 3746 iu

384 3787 521 3852 dubium
551 3809 617 3853 non
642 3791 878 3853 devocaturum
910 3794 944 3849 et
974 3794 1108 3869 postero
1137 3786 1192 3850 die
1222 3785 1329 3869 prima
1359 3785 1432 3850 luce

384 3900 491 3954 castra
516 3903 692 3957 moturum.
738 3891 896 3959 Celeriter
921 3889 1003 3953 haec
1028 3889 1071 3953 ad
1095 3888 1208 3954 hostes
1233 3889 1461 3967 deferuntur,r

635 4099 686 4154 Li
706 4110 726 4147 ι.
744 4100 815 4146 dnus
826 4098 1005 4152 nerninem.
1037 4090 1181 4158 See5‚§6.
