3234 5134
865 370 1219 521 β’.

184 635 260 701 ⁸·ss
418 628 472 680 DE
494 624 618 679 BfflO
643 516 935 692 Galaesus.
964 641 1019 691 vn
1184 650 1243 714 251

151 817 169 866 5
185 797 281 882 ipsos
296 792 441 859 recidere
455 772 702 885 demonstran&
724 803 920 868 miserantur
934 823 1146 869 communem
1163 803 1243 870 Gal·

188 901 257 988 liae
285 897 475 984 fortunam
512 906 668 971 omnibus
697 905 992 990 pollicitationibus
1021 928 1060 973 ac
1089 909 1244 991 praemiis

186 1009 383 1092 deposcunt,
398 1010 455 1092 qui
470 1010 548 1075 belli
563 1009 693 1075 initium
712 1008 836 1075 faciant
853 1020 887 1081 et
902 1013 952 1075 sui
967 1011 1083 1095 capitis
1097 1011 1243 1096 periculo

151 1108 333 1177 ⁶Galliam
363 1112 397 1176 in
426 1112 613 1178 libertatern
643 1112 821 1179 vindicent.
876 1114 1043 1200 Imprimis
1079 1118 1242 1182 rationem

186 1235 263 1280 esse
292 1216 482 1281 habendam
512 1217 635 1294 dicunt,
664 1216 856 1301 priusquam
892 1239 1008 1284 eorum
1039 1218 1243 1285 clandestina

186 1320 327 1384 consilia
349 1321 535 1399 efferantur,
553 1331 589 1386 ut
613 1319 737 1386 Caesar
758 1323 801 1387 ab
825 1323 971 1387 exercitu
993 1323 1241 1389 intercludatur.

154 1422 233 1492 71d
262 1444 335 1489 esse
364 1423 467 1504 facile,
497 1426 588 1508 quod
619 1445 726 1509 neque
754 1425 901 1510 legiones
929 1420 1075 1492 audeant
1104 1430 1242 1498 absente

187 1526 391 1611 imperatore
421 1548 465 1592 ex
502 1529 647 1594 hibernis
676 1530 798 1612 egredi,
828 1551 935 1614 neque
964 1531 1142 1614 imperator
1172 1533 1242 1597 sine

155 1632 357 1716 epraesidio
385 1633 429 1697 ad
463 1633 611 1717 legiones
643 1633 814 1718 pervenire
843 1634 959 1716 possit.
1004 1634 1178 1700 Postremo
1208 1637 1241 1700 in

187 1736 262 1801 acie
287 1746 455 1819 praestare
481 1736 631 1817 interfici,
657 1757 757 1820 quam
788 1758 854 1802 non
882 1748 1030 1803 veterem
1062 1738 1140 1804 belli
1170 1740 1242 1824 glo·

188 1840 274 1905 riam
297 1839 560 1925 libertatemque,
575 1862 675 1925 quam
696 1863 717 1907 a
738 1842 917 1908 maioribus
938 1844 1135 1927 acceperint,
1150 1862 1241 1907 recu-

186 1964 314 2027 perare.

150 2056 174 2109 2
234 2049 299 2114 His
331 2050 430 2115 rebus
459 2049 595 2132 agitatis
627 2048 826 2135 profitentur
856 2049 1020 2116 Carnutes
1048 2070 1085 2114 se
1114 2049 1239 2115 nullum
1253 2070 1308 2120 The

189 2153 371 2236 periculum
388 2154 574 2219 communis
589 2153 704 2219 salutis
723 2174 824 2219 causa
838 2175 995 2235 recusare,
1010 2156 1240 2240 principesque
1252 2136 1388 2254 {ffeffie

160 2279 234 2321 zex
256 2257 414 2323 omnibus
430 2256 555 2322 bellum
581 2256 725 2324 facturos
746 2257 944 2341 pollicentur
964 2269 1006 2335 et,
1023 2260 1182 2344 quoniam
1205 2261 1239 2323 in
1251 2274 1279 2318 to
1290 2268 1372 2334 begin.

188 2360 374 2445 praesentia
394 2361 566 2427 obsidibus
588 2382 705 2427 cavere
724 2363 810 2428 inter
829 2384 867 2427 se
888 2383 955 2428 non
977 2364 1115 2447 possint,
1131 2383 1174 2427 ne
1188 2383 1240 2428 res

188 2465 351 2545 efferatur,
366 2476 404 2530 ut
419 2466 628 2531 iureiurando
643 2487 682 2532 ac
700 2466 766 2531 fide
780 2467 954 2543 sanciatur,
970 2477 1098 2551 petunt,
1114 2465 1241 2532 collatis

190 2568 383 2635 militaribus
398 2570 509 2654 signis,
517 2591 585 2654 quo
601 2591 693 2634 more
709 2591 824 2635 eorum
838 2571 1031 2654 gravissima
1043 2571 1240 2636 caerimonia

190 2673 385 2752 continetur,
408 2696 450 2739 ne
474 2675 563 2740 iacto
589 2674 680 2739 initio
706 2674 786 2739 belli
808 2674 853 2738 ab
877 2673 1010 2756 reliquis
1035 2675 1238 2739 deserantur.

162 2775 279 2843 3Tum
301 2777 499 2844 collaudatis
522 2777 722 2844 Carnutibus
745 2779 826 2843 dato
849 2778 1056 2843 iureiurando
1074 2779 1118 2844 ab
1135 2780 1240 2844 omni-

189 2881 260 2957 bus,
277 2882 333 2964 qui
354 2883 503 2959 aderant,
516 2892 666 2965 ternpore
682 2883 751 2947 eius
769 2883 815 2947 rei
835 2883 1017 2948 constituto
1036 2884 1080 2949 ab
1100 2883 1240 2950 concilio

187 2985 374 3051 disceditur.

158 3099 178 3151 3
232 3091 302 3157 Ubi
323 3112 363 3157 ea
381 3091 453 3157 dies
471 3093 570 3170 venit,
587 3091 750 3158 Carnutes
771 3091 938 3159 Gutruato
958 3105 991 3158 et
1007 3092 1239 3159 Conconneto·
1252 3112 1306 3163 une
1334 3129 1398 3162 mnr-

189 3197 312 3260 dumno
339 3198 489 3276 ducibus,
511 3198 692 3280 desperatis
718 3197 916 3273 hominibus,
939 3196 1114 3263 Genabum
1143 3197 1239 3280 signo
1252 3177 1407 3294 ffffim‘ffin

188 3300 268 3365 dato
283 3312 480 3366 concurrunt
495 3301 647 3384 civesque
664 3302 843 3380 Romanos,
858 3302 915 3385 qui
930 3302 1123 3384 negotiandi
1139 3320 1239 3365 causa
1252 3307 1392 3360 corbum.

189 3403 232 3467 ibi
254 3405 476 3479 constiterant,
494 3406 528 3469 in
550 3404 602 3470 his
624 3405 745 3471 Gaium
769 3404 903 3470 Fufium
927 3405 1046 3482 Citam,
1060 3404 1237 3469 honestum

188 3509 332 3590 equitem
357 3509 557 3586 Romanum,
574 3509 630 3593 qui
653 3510 699 3573 rei
723 3510 954 3575 frumentariae
976 3508 1064 3572 iussu
1089 3507 1238 3574 Caesaris

163 3640 174 3673 r
189 3620 348 3697 praeerat,
363 3612 566 3677 interficiunt
581 3612 733 3697 bonaque
749 3633 863 3677 eorum
880 3613 1048 3696 diripiunt.
1080 3610 1239 3676 Celeriter

218 3812 244 3858 8.
266 3810 279 3866 5
301 3820 323 3858 ι.
347 3809 504 3858 Genabum.
549 3807 687 3858 Described
770 3811 922 3858 honesturn
932 3810 1058 3866 equitem
1069 3809 1236 3858 Romanum.

187 3873 328 3924 afterwards
338 3874 371 3937 by
382 3872 473 3923 Strabo
484 3889 512 3923 aa
521 3872 565 3923 the
577 3874 685 3937 trading·
736 3873 792 3923 Tbe
803 3873 900 3938 dignity
911 3873 941 3923 of
955 3873 998 3923 the
1012 3873 1145 3924 senatorial
1162 3874 1236 3924 order

188 3948 253 3990 town
273 3937 361 3989 nithe
378 3939 508 3998 Camntea,
526 3939 631 3987 situated
652 3955 686 3988 on
735 3954 788 3988 was
806 3939 906 4004 usually
923 3939 1048 4003 eonveyed
1068 3940 1101 4003 by
1120 3938 1163 3990 the
1182 3941 1235 4004 epi-

188 4005 229 4054 the
241 4004 324 4065 loire,
335 4004 414 4054 abunt
431 4003 551 4068 hali-way
561 4003 637 4069 along
652 4005 686 4053 its
735 4004 788 4054 rhet
808 4002 942 4069 ‘amplus’
962 4005 1016 4055 that
1040 4005 1070 4055 oi
1088 4004 1131 4055 the
1181 4020 1235 4054 nes·

187 4070 421 4134 navigablecourse.
455 4069 512 4119 Itis
528 4069 685 4120 themodern
735 4070 799 4120 rrian
819 4071 853 4135 by
870 4069 1046 4136 ‘splendidum'
1065 4086 1100 4130 or,
1118 4086 1146 4121 as
1185 4086 1235 4131 ere,

188 4135 290 4187 Orle'ans
301 4135 320 4201 (‘
328 4136 416 4187 civitas
428 4134 618 4187 Aurelianorum
627 4133 657 4199 ³).
735 4134 885 4189 ‘honestus'
