3234 5134
383 622 441 702 19⁶
726 629 754 681 c.
780 628 878 680 ιυιιι
901 628 1091 682 crassius
1348 628 1474 697 [aas.

382 792 464 858 Erat
479 790 590 876 magni
606 791 741 874 periculi
763 811 815 857 rea
832 790 971 857 tantulis
988 792 1096 878 copiis
1110 793 1227 875 iniquo
1242 791 1335 858 loco
1354 794 1502 858 dim-⁶

380 915 474 975 care;
511 907 593 972 tum,
622 897 781 979 quoniam
811 896 986 962 obsidione
1022 896 1203 962 liberatum
1236 896 1472 962 Ciceronem

380 1000 516 1082 sciebat,
533 1019 642 1083 aequo
662 1000 776 1066 animo
797 1000 1036 1066 remittendum
1056 1001 1102 1065 de
1120 999 1300 1065 celeritate
1330 1002 1472 1066 existi·

214 1110 349 1186 9¹⁶!er
381 1103 510 1170 nabat:
533 1107 685 1171 consedit
699 1115 743 1182 et,
757 1123 859 1189 quam
882 1106 1083 1188 aequissimo
1096 1104 1172 1171 loco
1188 1114 1320 1188 potest,
1340 1117 1501 1175 castrat
1598 1161 1599 1212 q

212 1174 369 1304 ffip„
381 1210 563 1274 communit
593 1221 695 1293 atque
724 1208 816 1285 haec,
846 1210 909 1275 etsi
940 1219 1036 1274 erant
1065 1210 1190 1293 erdgua
1213 1230 1278 1293 per
1308 1231 1372 1287 se,
1401 1212 1473 1274 vix
1598 1223 1599 1262 1

212 1304 256 1382 ,ὼε
267 1305 348 1356 ⁰²¹¹ss
381 1313 554 1378 hominum
570 1312 698 1379 milium
713 1322 843 1396 septem
863 1314 1057 1397 praesertim
1077 1313 1177 1378 nullis
1189 1332 1269 1377 cum
1291 1315 1471 1397 impedi·

212 1379 340 1510 imon
382 1418 514 1492 mentis,
536 1429 649 1483 tamen
670 1418 834 1503 augustiis
854 1419 994 1496 viarum,
1014 1437 1116 1500 quam
1138 1418 1290 1482 maxime
1314 1428 1471 1502 potest,

213 1502 344 1565 lump.
381 1521 547 1587 contrahit
576 1542 618 1588 en
647 1522 795 1604 consilio,
821 1530 860 1586 ut
890 1523 924 1586 in
954 1542 1121 1587 summam
1144 1524 1468 1606 contemptionem

380 1624 532 1692 hostibus
545 1629 668 1694 veniat.
702 1628 842 1693 Interim
857 1627 1120 1710 speculatoribus
1139 1628 1173 1691 in
1185 1645 1303 1691 omnes
1320 1637 1494 1711 partera

381 1731 526 1797 dimissis
559 1732 722 1816 explorat,
751 1751 820 1815 quo
854 1732 1126 1797 commodissime
1159 1732 1278 1796 itinere
1307 1732 1464 1796 vallem

381 1837 520 1901 transire
542 1838 656 1920 possit

425 1939 478 2005 Eo
500 1941 556 2005 die
576 1939 719 2023 parvulis
742 1941 951 2023 equestribus
973 1938 1108 2024 proeliis
1128 1941 1172 2005 ad
1192 1959 1314 2022 aquam
1335 1941 1459 2005 factis
1476 1950 1520 2007 ⁸0
1598 1951 1599 2038 l

380 2046 511 2127 utrique
532 2063 605 2110 sese
626 2065 687 2109 suo
709 2043 784 2108 loco
806 2045 998 2110 continent:
1022 2043 1122 2122 Galli,
1137 2044 1229 2127 quod
1250 2045 1484 2126 ampliorem

380 2149 504 2231 copias,
519 2167 606 2231 quae
622 2149 769 2214 nondum
780 2159 1013 2229 convenerant,
1024 2148 1280 2232 exspectabant3
1297 2146 1484 2228 caesam
1598 2195 1599 2262 1

380 2254 408 2317 si
425 2251 509 2317 forre
523 2253 652 2318 timoris
667 2253 880 2319 simulatione
894 2252 1010 2318 hostes
1025 2254 1170 2318 insnum
1186 2252 1295 2318 locum
1310 2253 1451 2319 elicere

381 2367 503 2440 posset,
518 2366 555 2421 ut
577 2359 662 2422 citra
680 2357 802 2423 vallem
821 2377 882 2441 pro
904 2358 1021 2423 castris
1043 2357 1172 2441 proelio
1192 2357 1448 2435 contenderet3

380 2461 409 2526 si
425 2461 459 2526 id
474 2461 602 2526 efficere
619 2482 685 2526 non
708 2471 830 2546 posset,
846 2472 884 2526 ut
904 2460 1087 2545 exploratis
1104 2462 1280 2526 itineribus
1302 2462 1446 2526 minore

381 2584 457 2631 cum
485 2566 631 2648 periculo
657 2567 778 2631 vallem
803 2568 977 2649 rivumque
1001 2566 1164 2631 transiret.
1221 2565 1332 2629 Prima
1357 2565 1477 2630 lueet

381 2668 528 2735 hostium
553 2672 722 2753 equitatus
745 2672 787 2736 ad
813 2681 921 2736 castra
946 2670 1077 2736 accedit
1099 2670 1328 2753 proeliumque
1352 2690 1442 2735 cum

382 2776 502 2838 nostris
532 2776 701 2857 equitibus
730 2776 922 2841 committit.
968 2774 1092 2839 Caesar
1120 2774 1273 2839 consulto
1302 2777 1471 2857 equitess

381 2878 497 2941 cedere
512 2897 614 2960 seque
630 2879 663 2942 in
680 2889 787 2944 castra
804 2880 949 2962 recipere
965 2880 1079 2958 iubet;
1101 2878 1199 2942 simul
1215 2898 1260 2942 ex
1276 2879 1440 2944 omnibus

382 2981 533 3062 partibus
559 2993 666 3046 castra
692 2984 809 3046 altiore
834 2983 923 3046 vallo
950 2983 1071 3047 muniri
1099 2992 1278 3065 portasque
1303 2984 1438 3048 obstrui

382 3096 483 3166 atque
499 3085 532 3149 in
548 3085 601 3149 his
615 3087 885 3152 administrandis
903 3087 1001 3152 rebus
1015 3107 1116 3170 quam
1132 3087 1279 3151 maxime
1294 3107 1436 3152 concur-

381 3190 447 3255 sari
464 3201 498 3254 et
513 3209 588 3254 cum
603 3188 818 3254 simulatione
832 3192 887 3273 agi
903 3191 1032 3256 timoris
1047 3192 1149 3256 iubet.

425 3294 556 3379 Quibus
572 3293 724 3358 omnibus
739 3294 837 3358 rebus
852 3293 965 3359 hostes
980 3294 1110 3361 invitati
1126 3294 1240 3377 copias
1254 3295 1435 3360 traducunt
1449 3307 1489 3364 51

380 3402 553 3483 aciemque
574 3399 688 3481 iniquo
709 3397 786 3463 loco
807 3400 1022 3472 constituunt,
1039 3401 1160 3464 nostris
1176 3418 1256 3462 vero
1271 3401 1374 3464 etiam
1388 3401 1435 3463 de
1450 3423 1463 3458 2

381 3504 467 3570 vallo
483 3504 634 3569 deductis
649 3503 786 3586 propius
802 3504 967 3567 accedunt
981 3513 1017 3568 et
1032 3504 1099 3568 tela
1114 3505 1201 3568 intra
1213 3504 1435 3569 munitionem

380 3629 426 3673 ex
447 3608 600 3673 omnibus
622 3607 773 3692 partibus
795 3607 964 3672 coniciunt
987 3606 1273 3688 praeconibusque
1291 3607 1434 3670 circum-

382 3711 490 3775 missis
506 3713 709 3794 pronuntiari
726 3712 852 3789 iubent,
867 3715 944 3775 ‘seu
959 3713 1035 3793 quis
1051 3709 1166 3775 Gallus
1182 3730 1240 3774 seu
1262 3710 1463 3784 Romanuss

379 3814 461 3878 velit
486 3827 563 3879 ante
587 3816 704 3880 horam
728 3816 861 3880 tertiam
888 3813 930 3877 ad
957 3835 993 3879 se
1017 3815 1167 3889 transire,
1190 3815 1261 3879 sine
1285 3813 1433 3898 periculo

380 3915 497 3993 licere3
514 3928 588 3999 post
599 3920 632 3983 id
645 3929 778 4002 ternpus
790 3938 856 3983 non
866 3918 935 3981 iore
947 3927 1147 4001 potestatem
1157 3914 1179 3996 ’;
1193 3936 1232 3980 ac
1243 3917 1291 3982 sic
1302 3925 1433 3982 nostros
1446 3949 1463 3997 4

443 4116 456 4171 i
470 4122 493 4176 7·
513 4117 653 4172 sumnus
664 4118 783 4172 merum,
797 4114 844 4177 ‘by
856 4113 973 4179 reduciug
983 4114 1026 4165 the
1037 4112 1141 4167 breadth
1152 4114 1182 4166 ol
1189 4114 1231 4166 the
1242 4112 1362 4165 nvenuea.¹
