3234 5134
382 621 441 683 192
726 611 755 662 c.
782 611 880 662 rum
902 610 1093 663 caessara
1331 610 1404 676 [aa
1420 622 1455 659 ι.

380 777 542 843 Vorenus.
590 776 637 840 Hi
653 785 830 859 perpetuas
845 775 930 841 inter
943 775 1236 841 secontroversias
1249 773 1481 849 habebant,
1586 739 1587 770 ³

380 882 516 964 quinam
531 879 760 958 anteferretur,
774 881 996 962 omnibusque
1015 879 1110 946 annis
1128 880 1173 944 de
1187 878 1272 944 locis
1290 878 1451 944 summis

380 984 605 1049 simultatibus
619 984 874 1050 contendebant
918 982 978 1047 Ex
996 982 1048 1047 his
1064 982 1168 1060 Pullo,
1181 1003 1257 1048 cum
1273 984 1451 1048 acerrime
1465 997 1480 1045 s

379 1088 423 1152 ad
447 1088 649 1154 munitiones
670 1097 882 1172 pugnaretur,
899 1087 1000 1171 ‘quid
1023 1085 1177 1166 dubitas,’
1201 1087 1322 1169 inquit,
1344 1087 1450 1151 ‘Vo-

380 1198 485 1258 rene?
505 1203 564 1259 aut
583 1213 683 1277 quem
702 1194 813 1258 locum
829 1201 908 1256 tuae
929 1192 1123 1275 probandae
1141 1192 1274 1256 virtutis
1289 1212 1449 1275 exspec-

380 1302 458 1361 tas?
503 1297 571 1363 Hic
587 1297 659 1362 dies
674 1297 718 1361 de
731 1296 853 1361 nostris
868 1294 1099 1361 controversiis
1114 1293 1293 1362 iudicabit!
1333 1296 1478 1362 Haec4
1586 1337 1587 1340 =

380 1420 457 1464 cum
479 1401 629 1479 dixisset,
651 1402 800 1484 procedit
822 1409 922 1465 extra
942 1399 1155 1474 munitiones,
1175 1419 1330 1482 quaeque
1357 1421 1449 1484 pars

379 1505 526 1570 hostium
549 1504 790 1570 confertissima
816 1513 869 1569 est
891 1503 971 1578 visa,
990 1503 1151 1588 irrumpit.
1196 1503 1251 1569 Ne
1274 1504 1476 1571 Vorenuss

379 1609 514 1691 quidem
529 1629 601 1674 sese
615 1608 704 1674 vallo
716 1608 876 1685 continet,
886 1608 945 1672 sed
956 1608 1107 1672 omnium
1121 1608 1245 1674 veritus
1257 1609 1447 1674 existima·

380 1714 506 1779 tionem
521 1713 740 1796 subsequitur.
782 1711 946 1776 Mediocri
961 1712 1071 1795 spatio
1086 1711 1201 1777 relicto
1213 1712 1308 1777 Pulio
1322 1713 1473 1797 pilum⁶
1586 1733 1587 1774 l

379 1817 415 1880 in
436 1816 549 1882 hostes
573 1817 724 1881 immittit
741 1827 844 1898 atque
862 1835 966 1880 unum
988 1834 1034 1880 ex
1056 1815 1271 1881 multitudine
1291 1836 1443 1898 procur·

379 1930 507 1986 rentem
530 1920 660 1998 traicit;
682 1940 750 2003 quo
772 1939 928 2003 percusso
950 1931 985 1986 et
1002 1920 1196 1985 exanimato
1215 1920 1303 1984 hunc
1325 1920 1443 1987 scutis

378 2035 568 2110 protegunt,
583 2024 616 2087 in
632 2024 763 2089 hostem
779 2024 848 2089 tela
870 2023 1011 2089 universi
1031 2023 1199 2089 coniciunt
1223 2044 1330 2106 neque
1344 2026 1441 2090 dant

379 2129 587 2212 regrediendi
605 2128 807 2193 facultatem.
853 2127 1075 2211 Transfigitur
1091 2136 1222 2194 scutum
1244 2129 1377 2194 Pulioni
1399 2137 1469 2193 etr

379 2243 532 2298 verutum
547 2232 580 2295 in
596 2230 709 2296 balteo
724 2230 889 2315 defigitur.
935 2231 1069 2298 Avertit
1083 2230 1137 2297 hic
1152 2252 1249 2298 casus
1262 2232 1466 2315 vaginam,t

380 2346 415 2402 et
437 2335 586 2418 gladium
609 2336 748 2400 educere
774 2335 908 2400 conanti
931 2336 1087 2400 dextram
1112 2345 1261 2400 moratur
1283 2356 1436 2412 manum,

380 2439 643 2524 impeditumque
657 2438 770 2504 hostes
791 2439 1045 2505 circumsistunt
1090 2438 1259 2505 Succurrit
1277 2440 1465 2512 inimicius

379 2545 426 2610 illi
440 2544 593 2610 Vorenus
609 2553 643 2609 et
657 2542 820 2610 laboranti
835 2543 1000 2609 subvenit.
1028 2542 1088 2609 Ad
1103 2543 1192 2608 hunc
1202 2564 1239 2609 se
1253 2544 1433 2610 confestim
1450 2564 1480 2601 ιο
1586 2611 1587 2620 ¹

380 2671 401 2715 a
430 2647 569 2714 Pullone
604 2649 713 2714 omnis
750 2647 930 2713 multitudo
959 2647 1144 2728 convertit3
1179 2647 1273 2713 illurn
1308 2661 1432 2716 veruto

380 2752 578 2817 arbitrantur
622 2752 779 2818 occisum.
839 2750 962 2818 Gladio
1002 2753 1189 2818 comminus
1233 2773 1303 2818 rem
1342 2757 1433 2838 gerit
1447 2781 1475 2820 11

380 2854 533 2919 Vorenus
548 2866 649 2938 atque
664 2876 730 2920 uno
748 2854 920 2922 interiecto
935 2854 1079 2938 reliquos
1101 2857 1237 2940 paulurn
1253 2857 1409 2943 propellit
1422 2880 1432 2939 ;

379 2959 462 3023 dum
485 2960 636 3042 cupidius
659 2959 770 3035 instat,
786 2960 819 3024 in
842 2959 952 3025 locum
974 2962 1122 3027 deiectus
1141 2960 1330 3028 interiorem
1349 2982 1475 3030 con-12

380 3061 471 3127 cidit.
516 3060 607 3125 Huic
633 3081 744 3126 rursus
768 3063 994 3128 circumvento
1012 3056 1085 3129 ‘set
1110 3065 1294 3130 subsidium
1321 3065 1430 3144 Puuo,
1446 3098 1475 3148 ¹³

380 3174 482 3247 atque
505 3164 606 3229 ambo
633 3165 817 3230 incolumes
841 3166 1066 3252 compluribus
1093 3166 1275 3234 interfectis
1298 3190 1432 3234 sumum

379 3290 455 3335 cum
471 3268 570 3334 laude
584 3289 656 3334 sese
675 3269 760 3334 intra
779 3270 980 3335 munitiones
999 3271 1172 3355 recipiunt
1218 3271 1274 3338 Sic
1295 3272 1431 3339 fortuna
1446 3303 1475 3353 ¹4
1586 3259 1587 3316 ἶ

379 3376 413 3439 in
429 3373 641 3439 contentione
663 3383 698 3438 et
720 3374 900 3438 certamine
921 3383 1099 3457 utrumque
1121 3377 1272 3453 versavit,
1288 3387 1325 3440 ut
1344 3376 1432 3441 alter

378 3477 474 3544 alteri
497 3477 647 3543 inimicus
668 3476 795 3542 auxilio
817 3475 983 3560 salutique
1004 3487 1101 3557 esset,
1124 3499 1233 3563 neque
1258 3480 1431 3548 diiudicari

380 3591 502 3665 posset,
518 3592 593 3646 uter
607 3582 672 3646 utri
686 3580 808 3644 virtute
823 3579 1054 3646 anteferendus
1069 3583 1243 3648 videretur.

425 3685 561 3768 Quanto
577 3694 648 3749 erat
663 3683 780 3747 indies
795 3684 926 3766 gravior
940 3693 1040 3766 atque
1055 3687 1202 3769 asperior
1212 3689 1431 3771 oppugnatio,
1441 3704 1483 3762 4⁵

380 3798 415 3852 et
431 3791 579 3853 maxime
593 3790 684 3872 quod
700 3807 822 3872 magna
840 3798 935 3873 parte
956 3789 1096 3854 militum
1118 3791 1270 3856 confecta
1288 3791 1429 3856 vulneri·

414 3958 461 4019 57.
472 3959 615 4034 narsetum.
639 3956 711 4022 Livy,
720 3956 772 4008 xxi.
775 3971 805 4071 ἓ,
815 3960 829 4017 5
840 3969 879 4034 tr.
929 3957 1005 4008 Geor,
1019 3957 1046 4008 ii.
1062 3955 1109 4036 rbss
1126 3959 1297 4028 ‘Volscosque
1313 3960 1430 4014 vemtm’

380 4021 436 4071 The
452 4022 522 4069 word
539 4037 560 4071 u
576 4023 693 4086 properly
709 4039 742 4072 au
759 4039 775 4071 a
789 4029 880 4085 Jectnve
927 4023 975 4090 Cp.
988 4025 1052 4075 Aen.
1063 4025 1105 4075 vll
1117 4022 1177 4089 665.

379 4087 444 4138 irum
455 4084 545 4144 ‘verm'
557 4087 606 4136 aud
618 4087 640 4137 is
654 4102 682 4137 ro
693 4087 754 4137 used
766 4087 791 4136 in
803 4087 878 4152 Verg.
