3234 5134
199 614 283 682 ΜΛ]
427 620 482 671 DE
503 620 626 673 BELLO
651 621 818 674 GALLICO.
869 621 939 673 LIB.
965 621 1009 670 IV
1193 627 1251 691 139

199 784 300 857 atque
329 798 369 843 ea
398 800 506 846 rerum
535 795 662 862 natura,
691 795 738 860 ut,
767 804 835 867 quo
866 783 971 848 maior
998 781 1049 849 vis
1078 801 1186 864 aquae
1213 801 1250 845 se

171 878 410 961 aincitavisset,
424 885 487 951 hoc
502 887 604 953 artius
620 888 747 974 illigata
762 898 959 954 tenerentur.
1007 887 1102 952 Haec
1123 885 1249 952 directa

200 984 339 1049 materia
363 988 483 1054 iniecta
507 994 772 1059 contexebantur
796 1011 835 1055 ac
861 991 1018 1075 longuriis
1040 991 1249 1072 cratibusque

169 1090 512 1172 oconsternebantur3
535 1116 576 1162 ac
589 1096 693 1162 nihilo
712 1097 817 1162 secius
834 1094 979 1160 sublicae
999 1098 1096 1160 etad
1117 1092 1249 1159 inferio·

198 1208 268 1253 rem
284 1204 412 1274 partem
433 1197 583 1285 fluminis
603 1200 737 1283 oblique
756 1201 950 1284 agebantur,
965 1219 1051 1281 quae
1070 1199 1249 1281 pro'ariete

197 1294 366 1362 subiectae
392 1310 426 1365 et
449 1290 528 1373 cum
553 1303 643 1368 omni
670 1323 771 1387 opere
793 1301 992 1368 coniunctae
1013 1302 1081 1366 uim
1103 1300 1249 1366 fluminis

152 1425 183 1460 ιο
196 1397 399 1482 exciperent,
416 1392 554 1497 efi'aliae
576 1408 656 1472 item
677 1427 777 1490 supra
796 1416 934 1492 pontem
954 1405 1112 1471 mediocri
1127 1405 1249 1489 spatio,

196 1512 246 1581 ut,
259 1501 288 1566 si
308 1506 467 1573 arborum
489 1510 596 1575 trunci
616 1510 686 1576 sive
706 1530 806 1575 naves
825 1511 987 1578 deiciendi
1007 1509 1117 1593 operis
1139 1520 1249 1575 essent

195 1626 216 1670 a
247 1606 329 1672 barb
430 1615 557 1692 missae,
582 1614 634 1680 his
663 1614 890 1679 defensoribus
919 1634 1032 1679 earum
1062 1634 1170 1678 rerum
1199 1615 1250 1679 vis

194 1709 322 1776 minuet
388 1737 412 1797 r,
427 1739 491 1783 neu
506 1720 598 1802 ponti
614 1730 777 1784 nocerent.
806 1728 812 1733 '

139 1827 180 1881 18
237 1815 324 1882 Dieb
358 1841 375 1885 s
389 1823 514 1904 decem,
529 1823 649 1906 quibus
665 1823 805 1889 materia
819 1833 939 1906 coepta
954 1831 1024 1886 erat
1039 1821 1249 1911 comportari,
1262 1834 1378 1884 Invasion

347 1946 428 2009 pere
460 1927 579 1992 effecto
606 1926 778 1992 ‘exercitus
811 1928 1004 1993 traducitur.
1050 1924 1173 1991 Caesar
1204 1927 1246 1991 ad
1261 1899 1401 2030 {ssssan

192 2035 228 2090 ut
333 2051 375 2095 ue
396 2042 525 2117 partem
547 2031 659 2115 pontis
680 2030 776 2096 firmo
799 2018 962 2113 praesidio
981 2029 1096 2095 relicto
1115 2030 1149 2093 in
1167 2029 1249 2094 fines
1260 2030 1386 2107 wistane

166 2130 216 2205 ³8
292 2136 462 2201 mbrorum
481 2135 661 2207 contendit.
707 2136 845 2201 Interim
856 2137 882 2199 'a
896 2134 1121 2218 compluribus
1135 2132 1250 2200 civita·
1261 2104 1289 2146 ²⁰
1300 2095 1379 2159 ἧφι

209 2236 217 2250 ’
323 2241 367 2305 ad
405 2260 482 2304 eum
515 2240 616 2322 legati
650 2241 807 2320 veniunt3
843 2241 964 2323 quibus
1000 2259 1116 2322 pacem
1150 2248 1251 2320 atque

258 2341 383 2408 icitiam
418 2344 609 2427 petentibus
642 2343 821 2409 liberaliter
852 2343 1023 2429 respondit
1051 2341 1250 2424 obsidesque

165 2472 180 2520 4
259 2464 296 2508 se
311 2447 432 2513 adduci
448 2447 550 2513 iubet.
596 2446 774 2531 Sugambri
789 2469 835 2514 ex
850 2469 892 2513 eo
907 2458 1066 2531 tempore,
1083 2467 1151 2529 quo
1166 2465 1251 2528 pons

201 2549 329 2615 institui
345 2562 483 2636 coeptus
497 2562 556 2630 est,
572 2551 651 2635 fuga
665 2562 859 2635 comparata
877 2550 1089 2616 hortantibus
1103 2550 1153 2629 iis,
1167 2569 1251 2632 quos

110 2708 128 2743 ΙΙ
202 2673 246 2717 ex
259 2655 430 2721 Tencteris
447 2666 549 2738 atque
567 2655 759 2740 Usipetibus
776 2657 867 2740 apud
881 2677 918 2721 se
937 2654 1114 2734 habebant,
1129 2652 1250 2719 finibus

103 2746 106 2753 ’
202 2759 269 2824 suis
293 2771 500 2824 excesserant
523 2780 649 2842 suaque
674 2759 787 2825 omnia
810 2769 1069 2843 exportaverant
1092 2778 1193 2841 seque
1216 2759 1249 2822 in

203 2862 415 2928 solitudinem
431 2883 470 2928 ac
484 2863 583 2927 silvas
597 2863 805 2929 abdiderant.

149 2991 188 3046 19
246 2967 369 3032 Caesar
384 2987 508 3051 paucos
523 2968 593 3033 dies
609 2968 770 3032 incorum
786 2968 906 3033 finibus
927 2978 1074 3043 moratus
1096 2968 1252 3034 omnibus
1265 2975 1359 3026 Rerum
1367 2981 1397 3051 ,²⁰

202 3071 282 3136 vicis
311 3071 533 3155 aedificiisque
561 3072 701 3136 incensis
731 3072 971 3157 frumentisque
996 3074 1131 3139 succisis
1157 3093 1193 3137 se
1217 3072 1251 3135 in
1264 3041 1411 3170 {iffi-ne

202 3172 285 3239 fines
297 3172 462 3242 Ubiorum
478 3177 601 3265 recepit
616 3184 716 3262 atquc
732 3177 772 3253 iis
786 3178 949 3243 auxilium
964 3198 1061 3243 suum
1078 3176 1252 3271 pollicitus,
1264 3171 1334 3223 Ubii.

175 3314 187 3347 a
203 3280 230 3343 si
245 3280 289 3344 ab
307 3279 426 3345 Suebis
441 3292 677 3363 premerentur,
688 3282 770 3347 haec
785 3284 831 3347 ab
845 3282 885 3347 iis
898 3284 1073 3365 cognovit:
1097 3279 1252 3355 ‘Suebos
1265 3286 1383 3363 repam-

204 3392 422 3466 posteaquam
438 3405 496 3467 per
510 3385 740 3468 exploratores
760 3396 897 3469 pontem
913 3385 982 3451 fieri
1004 3383 1251 3467 comperissent,
1264 3352 1421 3468 ffisssstm

204 3506 296 3551 more
310 3508 371 3552 suo
386 3489 525 3555 concilio
543 3489 659 3555 habito
680 3491 813 3556 nuntios
833 3491 867 3553 in
887 3509 1003 3556 omnes
1025 3497 1135 3571 partes
1153 3486 1252 3551 dimi·
1265 3484 1343 3534 1⁶1³*-

204 3591 294 3669 sisse,
309 3593 357 3656 uti
375 3594 418 3658 de
437 3594 572 3676 oppidis
592 3593 825 3676 demigrarent,
840 3593 971 3670 liberos,
985 3611 1106 3656 uxores
1126 3609 1253 3672 suaque

239 3730 311 3786 510.
338 3730 480 3778 deiciendi
521 3731 623 3787 operis.
663 3729 705 3779 An
756 3736 883 3793 praeterea
904 3725 964 3775 data
986 3726 1093 3776 tuendae
1115 3724 1254 3775 maritimae

204 3792 316 3843 instance
333 3793 437 3844 oiwbnt
453 3794 554 3859 mnybe
569 3793 705 3845 calledtbe
755 3790 847 3843 orne’:
869 3793 904 3842 ib.
925 3805 963 3854 23,
983 3795 1026 3853 §3
1044 3793 1153 3842 ‘Decem
1173 3792 1254 3841 millia

204 3859 312 3923 genitive
320 3858 350 3908 oi
354 3859 447 3908 motive
456 3874 486 3908 or
494 3859 620 3924 tendency.
655 3860 703 3925 Cp.
755 3859 868 3924 peditum
896 3857 1017 3907 Hannoni
1043 3857 1075 3907 ad
1103 3857 1253 3923 praesidium

204 3941 228 3975 ν.
240 3924 410 3989 8,§6‘quas
418 3925 456 3974 sui
465 3926 568 3990 quisque
576 3925 704 3976 commodi
755 3923 905 3974 obtinendae
932 3924 1039 3987 regionis
1065 3923 1140 3973 dntn'
1181 3924 1205 3973 lt
1232 3924 1255 3972 is

205 3988 703 4056 leocrnt’2lll.6‚§1‘qunedissol·
753 3988 890 4055 especially
901 3989 1175 4040 commonin'l'acitns

205 4057 300 4108 vendre
335 4004 483 4121 discipilum
518 4057 703 4123 morimurque
786 4060 890 4117 1841.
906 4056 1015 4105 Diebus
1025 4059 1130 4118 decem,
1139 4057 1254 4114 quibus.

205 4123 387 4175 essent’zLiv.
408 4123 457 4172 xxi.
474 4135 513 4183 aa,
531 4125 574 4184 §4
592 4122 702 4174 ‘Classis
752 4121 904 4187 iii23,§a.
