3234 5134
179 752 311 803 baundon

178 820 272 868 emer

179 884 264 933 orders
275 882 315 933 his

178 949 279 1013 cernlry
288 956 317 999 tn

179 1014 269 1063 reimin

179 1079 243 1128 irom

180 1143 271 1195 attack.

204 1310 324 1341 §.o-

185 2640 298 2694 Cnessr’s

346 589 404 653 134
696 584 724 636 c.
748 584 845 636 rum
867 585 1055 639 cassurus
1301 584 1355 652 [u.
1369 598 1403 634 1-

346 747 404 829 qui
433 746 467 810 in
497 745 613 811 itinere
643 747 809 832 congressi
840 768 1053 832 magnopere,
1086 768 1128 814 ne
1157 746 1290 833 longius
1319 767 1400 831 pro·

347 849 547 934 grederetur,
575 850 724 915 orabant
770 849 857 916 Cum
884 852 918 918 id
945 872 1011 917 non
1035 853 1281 935 impetrassent,
1305 861 1431 934 pete-²

348 955 440 1033 bant,
473 955 521 1020 uti
557 954 601 1019 ad
639 974 696 1021 eos
729 956 868 1040 equites,
900 957 957 1040 qui
988 977 1106 1041 agmen
1138 956 1401 1029 antecessissent,

350 1059 574 1140 praemitteret
590 1078 713 1142 eosque
728 1080 841 1143 pugna
858 1060 1059 1144 prohiberet,
1078 1059 1204 1142 sibique
1225 1069 1263 1123 ut
1286 1069 1401 1141 potes-

349 1171 454 1227 tatem
484 1162 604 1227 faceret
636 1163 669 1227 in
701 1162 811 1229 Ubios
840 1162 967 1247 legatos
994 1163 1168 1239 mittendi3
1198 1183 1341 1246 quorum
1372 1163 1430 1228 sis

350 1266 514 1350 principes
535 1287 575 1333 ac
596 1278 731 1333 senatus
753 1267 817 1333 sibi
841 1268 1048 1334 iureiurando
1071 1267 1172 1332 fidem
1195 1268 1337 1344 iecisset,
1359 1287 1402 1331 ea

348 1370 550 1450 condicione,
567 1392 653 1455 quae
675 1394 695 1436 a
718 1370 861 1437 Caesare
883 1370 1031 1447 ferretur,
1049 1392 1086 1436 se
1108 1391 1225 1437 usuros
1248 1372 1402 1437 ostende·

347 1475 450 1540 bant:
472 1476 515 1540 ad
536 1476 597 1541 has
618 1497 671 1540 res
689 1475 910 1543 conficiendas
932 1477 994 1541 sibi
1018 1477 1118 1541 tridui
1133 1477 1278 1559 spatium
1293 1475 1401 1540 daret.

350 1579 445 1645 Haec
460 1580 574 1644 omnia
589 1579 714 1649 Caesar
729 1582 847 1646 eodem
863 1580 922 1644 illo
937 1580 1100 1663 pertinere
1114 1579 1347 1657 arbitrabatur,
1362 1592 1401 1644 ut
1414 1600 1431 1646 4

349 1682 450 1749 tridui
481 1704 573 1749 mora
603 1685 797 1768 interposita
827 1684 956 1766 equites
985 1703 1111 1764 eorum,
1141 1685 1198 1768 qui
1235 1685 1401 1757 abessent,

349 1798 610 1865 reverterentur3
636 1797 751 1853 tamen
765 1809 838 1852 sese
854 1808 921 1852 non
937 1788 1068 1871 longius
1090 1788 1223 1854 milibus
1242 1809 1401 1870 passuum

349 1902 508 1975 quattuor
522 1893 712 1974 aquationis
726 1912 827 1958 causa
841 1911 1071 1974 processurum
1084 1913 1124 1957 eo
1139 1892 1194 1956 die
1206 1892 1313 1970 dixit3
1336 1892 1430 1961 hucs

351 2008 487 2081 postero
519 1996 574 2061 die
610 2016 712 2078 quam
750 1996 1008 2079 frequentissimi
1041 1997 1264 2072 convenirent,
1292 2006 1329 2060 ut
1358 1997 1403 2061 de

352 2121 467 2166 eorum
491 2100 667 2185 postulatis
697 2110 919 2184 cognosceret.
966 2100 1104 2166 Interim
1134 2102 1179 2166 ad
1208 2101 1432 2185 praefectos,6

351 2205 506 2289 quicum
535 2205 628 2269 omni
654 2205 805 2288 equitatu
831 2213 1086 2281 antecesserant,
1109 2205 1212 2270 mittit
1237 2207 1294 2288 qui
1318 2225 1402 2269 nun·

352 2309 482 2388 tiarent,
508 2328 550 2374 ne
574 2307 689 2374 hostes
715 2307 842 2392 proelio
869 2308 1067 2373 lacesserent
1090 2319 1133 2385 et,
1158 2309 1185 2374 si
1210 2309 1273 2392 ipsi
1300 2308 1402 2374 laces·

353 2421 512 2488 serentur,
532 2413 742 2492 sustinerent,
760 2412 875 2495 quoad
898 2413 969 2496 ipse
992 2432 1069 2475 cum
1092 2412 1240 2477 exercitu
1266 2413 1402 2497 propius

353 2518 555 2585 accessisset.

399 2622 451 2688 At
465 2621 587 2701 hostes,
603 2622 659 2687 ubi
680 2623 825 2705 primum
846 2631 977 2686 nostros
997 2622 1126 2704 equites
1148 2632 1404 2705 conspexerunt,
1417 2633 1456 2688 ln

184 2709 342 2837 ssfflb„
356 2746 498 2809 quorum
520 2736 592 2791 erat
615 2740 638 2787 v
661 2728 789 2791 milium
810 2746 975 2805 numerus,
991 2746 1066 2790 cum
1089 2726 1152 2809 ipsi
1174 2746 1240 2790 non
1262 2725 1405 2809 amplius

186 2839 260 2890 ‚mnu
268 2837 336 2900 body
355 2830 565 2914 octingentos
590 2831 718 2912 equites
739 2830 909 2909 haberent,
931 2830 1023 2913 quod
1045 2830 1077 2910 ii,
1099 2831 1156 2913 qui
1179 2830 1404 2895 frumentandi

186 2906 215 2955 oi
224 2906 333 2957 German

186 2973 265 3021 horse.

355 2953 456 2999 causa
492 2933 596 2997 ierant
632 2943 721 2998 trans
761 2934 905 3016 Mosam,
935 2934 1082 2999 nondum
1120 2934 1295 3013 redierant,
1325 2932 1406 2997 nihil

356 3036 552 3104 timentibus
581 3039 709 3116 nostris,
739 3040 831 3121 quod
869 3038 970 3122 legati
1003 3059 1116 3103 eorum
1146 3037 1247 3123 paulo
1277 3047 1356 3104 ante
1385 3059 1405 3102 a

357 3142 501 3209 Caesare
523 3140 740 3206 discesserant
762 3151 864 3224 atque
887 3142 915 3206 is
937 3142 1008 3207 dies
1030 3142 1167 3207 indutiis
1188 3152 1260 3208 erat
1284 3142 1327 3206 ab
1353 3141 1405 3205 his

357 3248 491 3332 petitus,
513 3245 639 3326 impetu
666 3243 754 3309 sacto
778 3245 928 3310 celeriter
955 3256 1084 3310 nostros
1108 3247 1406 3329 perturbaverunt3

358 3371 469 3416 rursus
490 3347 716 3415 resistentibus
735 3349 971 3414 consuetudine
994 3370 1054 3414 sua
1075 3350 1119 3414 ad
1141 3351 1244 3433 pedes
1266 3350 1433 3414 desitne-2

390 3502 428 3547 11.
443 3499 456 3556 ε
469 3508 492 3545 a.
516 3497 548 3543 in
565 3497 664 3544 Ubios.
698 3490 745 3542 See
763 3493 786 3547 8.
806 3498 857 3555 53.
909 3503 937 3544 to
956 3495 987 3543 be
1003 3509 1032 3545 so
1050 3510 1189 3553 erroneous,
1207 3511 1245 3546 we
1268 3504 1333 3546 must
1355 3511 1406 3546 oer-

358 3564 461 3628 Appien
469 3562 520 3625 (De
528 3560 591 3610 Reb.
599 3558 666 3610 Gali.
676 3557 709 3607 ir.
723 3559 860 3622 18)quotes
909 3559 989 3622 trinly
1016 3569 1103 3626 neoept
1128 3559 1190 3610 with
1215 3562 1317 3612 cantion
1338 3562 1406 3611 what

359 3628 452 3679 Came
466 3628 491 3676 in
508 3623 753 3676 hiscommenuries
766 3639 859 3689 assay·
909 3634 1000 3676 cannot
1027 3627 1085 3678 thus
1111 3627 1143 3695 be
1170 3627 1277 3693 brought
1310 3634 1337 3677 to
1365 3628 1406 3677 tbe

321 3724 326 3731 .
358 3695 403 3758 ing
418 3694 473 3744 that
489 3692 532 3742 the
543 3691 657 3756 Usipetes
673 3689 723 3738 nnd
734 3689 857 3751 Tencteri,
910 3699 966 3741 test.

359 3759 431 3808 when
449 3757 552 3809 ordered
569 3758 601 3820 by
617 3755 669 3804 him
685 3764 713 3803 to
731 3764 812 3805 retum
832 3765 860 3806 to
942 3761 983 3808 12.
1003 3762 1016 3818 ς
1034 3771 1055 3808 r.
1081 3773 1139 3808 non
1166 3761 1289 3816 emplius
1319 3762 1407 3809 ontin-

359 3824 425 3874 their
435 3840 490 3874 own
501 3829 612 3885 country,
623 3819 717 3885 replied
734 3822 789 3871 that
800 3821 860 3887 they
909 3830 1016 3881 centos.
1051 3825 1075 3873 lt
1096 3825 1118 3873 is
1137 3824 1254 3874 recorded
1275 3825 1299 3873 in
1320 3823 1360 3873 At
1381 3821 1407 3882 6,

360 3888 411 3940 hed
427 3896 482 3939 sent
497 3887 668 3939 nmbnssndors
683 3894 711 3936 to
726 3886 768 3936 the
785 3887 860 3937 Suevi
911 3892 924 3948 ς
937 3902 951 3950 3
965 3890 1058 3950 (unless
1066 3890 1313 3955 thereissomething
1320 3904 1408 3954 wrong

360 3954 418 4005 who
438 3954 489 4004 had
507 3953 614 4004 invaded
632 3950 710 4011 them,
727 3951 776 4001 and
794 3969 859 4003 were
909 3955 970 4003 with
981 3956 1023 4005 the
1034 3958 1096 4019 text)
1109 3956 1163 4004 thet
1180 3971 1212 4005 on
1230 3971 1277 4005 one
1289 3956 1407 4006 occasion

361 4020 459 4071 aweitin
487 4018 551 4070 their
559 4016 636 4083 reply.
670 4016 857 4069 Whennstate·
908 4018 958 4069 less
967 4020 1027 4070 than
1040 4035 1072 4082 30
1084 4019 1167 4071 Gellio
1177 4020 1306 4071 horremen
1318 4019 1407 4071 routed

361 4094 428 4138 ment
440 4101 462 4136 w
482 4084 522 4137 'cb
532 4099 579 4135 cen
595 4084 625 4133 be
637 4081 735 4133 verified
746 4084 768 4133 is
779 4084 857 4134 found
910 4099 974 4134 nono
985 4086 1106 4136 Moorish.
