3234 5134
232 608 317 677 884]
472 612 526 663 Dr:
548 611 671 664 Βειιο
696 611 864 665 σΑιιισο.
916 613 986 664 LIB.
1012 614 1057 667 IV
1227 620 1282 684 151

232 783 310 838 ante
346 765 576 858 imperaverat,
604 774 786 859 duplicavit
824 795 948 859 eosque
984 775 1017 840 in
1058 774 1283 842 continentem

231 877 352 954 adduci
378 878 481 954 iussit,
507 878 599 962 quod
625 880 811 965 propinqua
835 879 891 945 die
914 880 1114 962 aequinoctii
1144 877 1283 945 infirmis

232 980 371 1045 navibus
391 981 491 1047 hiemi
515 982 759 1067 navigationem
777 982 1003 1049 subiciendam
1024 1003 1092 1048 non
1112 982 1283 1048 existima·

204 1084 300 1152 abac.
357 1085 435 1170 lpse
462 1085 615 1151 idoneam
641 1095 878 1171 tempestatem
908 1097 1046 1152 nanctus
1075 1087 1174 1169 paulo
1204 1095 1281 1172 post

232 1189 377 1254 mediam
393 1199 526 1254 noctem
542 1210 643 1255 naves
658 1191 779 1268 solvit3
802 1210 889 1274 quae
903 1211 1020 1256 omnes
1040 1190 1222 1255 incolumes
1237 1190 1282 1256 ad

232 1293 456 1359 continentem
486 1304 706 1379 pervenerunt
718 1317 726 1374 ;
759 1297 818 1360 sed
849 1316 893 1360 ex
923 1294 964 1359 iis
993 1294 1164 1360 onerariae
1194 1297 1436 1372 duaervomp

232 1394 377 1472 eosdem,
400 1414 485 1477 quos
515 1393 643 1477 reliqui,
666 1405 782 1478 portus
805 1415 923 1478 capere
949 1414 1014 1459 non
1041 1403 1220 1478 potuerunt
1246 1369 1405 1487 etffffl’f

231 1495 332 1580 paulo
348 1495 430 1561 inira
445 1497 575 1563 delatae
589 1508 676 1563 sunt.
1291 1502 1382 1553 neten
1393 1503 1439 1581 by,

176 1609 218 1666 37
277 1598 407 1683 Quibus
422 1622 467 1665 ex
481 1601 621 1667 navibus
636 1622 711 1666 cum
728 1611 838 1667 essent
854 1601 998 1686 expositi
1014 1600 1137 1666 milites
1152 1600 1281 1667 circiter
1291 1566 1334 1619 ὼ
1346 1567 1448 1630 Monm,

231 1705 369 1770 trecenti
408 1716 510 1789 atque
547 1705 582 1770 in
618 1716 727 1772 castra
756 1706 1005 1787 contenderent,
1036 1705 1168 1786 Morini,
1197 1724 1281 1787 quos

232 1807 356 1874 Caesar
371 1810 404 1874 in
419 1809 623 1874 Britanniam
638 1807 850 1894 proficiscens
868 1819 1006 1894 pacatos
1022 1809 1208 1892 reliquerat,
1221 1829 1280 1893 spe

230 1915 373 1999 praedae
394 1915 531 1980 adducti
553 1914 664 1997 primo
686 1934 753 1978 non
777 1915 824 1979 ita
846 1934 968 1999 magno
991 1934 1126 1978 suorum
1143 1932 1280 1977 numero

230 2018 515 2084 circumsteterunt
537 2038 586 2097 ac,
601 2018 629 2082 si
648 2038 722 2082 sese
741 2016 879 2085 interfici
898 2016 1033 2098 nollent,
1047 2037 1139 2081 arma
1157 2037 1280 2100 ponere

201 2148 214 2183 2
229 2122 402 2187 iusserunt.
436 2121 523 2188 Cum
540 2120 588 2186 illi
604 2123 686 2187 orbe
701 2121 789 2187 facto
804 2142 877 2187 sese
892 2121 1116 2198 defenderent,
1131 2119 1280 2185 celeriter

228 2227 271 2290 ad
293 2224 473 2291 clamorem
497 2225 670 2291 hominum
693 2225 823 2293 circiter
848 2225 941 2290 milia
962 2246 1023 2289 sex
1046 2234 1276 2291 convenerunt.

229 2329 306 2412 Qua
333 2329 542 2395 renuntiata
569 2329 692 2396 Caesar
715 2351 849 2395 omnem
875 2351 920 2395 ex
947 2328 1060 2393 castris
1090 2327 1276 2410 equitatum
1289 2344 1333 2394 but
1346 2346 1446 2397 remed

198 2436 295 2508 3suis
330 2434 458 2499 auxilio
495 2435 596 2500 misit.
651 2435 789 2499 Interim
819 2434 923 2498 nostri
955 2433 1076 2497 milites
1115 2431 1276 2515 impetum
1288 2409 1445 2540 Zffff³

227 2538 373 2603 hostium
393 2539 621 2605 sustinuerunt
640 2549 742 2622 atque
760 2537 904 2623 amplius
926 2536 1016 2602 horis
1033 2544 1191 2619 quattuor
1213 2534 1277 2600 sor·

227 2642 356 2707 tissime
398 2652 626 2727 pugnaverunt
671 2652 705 2708 et
745 2643 861 2727 paucis
900 2639 1091 2706 vulneribus
1133 2641 1277 2723 acceptis

195 2743 412 2830 4c0mplnres
435 2767 479 2810 ex
501 2745 553 2811 his
575 2746 776 2813 occiderunt.
823 2745 945 2810 Postea
963 2765 1042 2810 vero
1061 2763 1163 2827 quam
1186 2744 1277 2826 equi·

225 2860 316 2915 tatus
338 2860 451 2915 noster
473 2850 507 2914 in
530 2861 744 2934 conspectum
766 2850 866 2928 venit,
881 2849 996 2914 hostes
1018 2847 1155 2913 abiectis
1176 2848 1277 2912 armis

225 2967 318 3040 terga
333 2963 501 3019 verterunt
518 2974 725 3038 magnusque
741 2973 856 3018 eorum
873 2972 1029 3017 numerus
1044 2961 1096 3015 est
1110 2951 1247 3018 occisus.

163 3080 206 3135 ss
268 3060 391 3127 Caesar
406 3068 542 3142 postero
557 3059 612 3122 die
626 3057 742 3122 Titum
766 3057 954 3123 Labienum
974 3057 1122 3139 legatum
1143 3075 1219 3119 cum
1236 3056 1275 3120 iis
1287 3067 1437 3146 operationi

223 3164 418 3249 legionibus,
434 3183 516 3246 quas
531 3182 577 3226 ex
593 3161 766 3227 Britannia
789 3162 976 3240 reduxerat,
987 3161 1021 3224 in
1043 3160 1201 3238 Morinos,
1215 3160 1272 3241 qui
1315 3134 1442 3249 mji‘ffi

195 3267 435 3332 arebellionem
454 3267 609 3345 fecerant,
625 3268 724 3332 misit
770 3265 838 3350 Qui
857 3287 933 3332 cum
954 3274 1087 3350 propter
1106 3264 1272 3328 siccitates
1284 3263 1404 3331 Menapii.

223 3372 392 3455 paludum,
407 3392 476 3455 quo
491 3392 528 3437 se
542 3372 735 3455 reciperent,
753 3392 821 3435 non
836 3370 1006 3445 haberent,
1022 3388 1089 3451 quo
1104 3367 1272 3450 superiore

222 3496 310 3540 anno
340 3476 489 3560 perfugio
519 3475 648 3540 fuerant
681 3474 740 3552 usi,
766 3495 884 3540 omnes
913 3473 1040 3539 sercin
1070 3481 1271 3556 potestatem

193 3580 363 3644 3Labieni
394 3588 622 3662 pervenerunt.
682 3579 734 3644 At
769 3577 835 3662 Qu.
846 3578 995 3643 Titurius
1028 3586 1063 3640 et
1097 3575 1137 3639 L.
1169 3571 1272 3639 Cotta

221 3684 332 3769 legati,
346 3684 404 3767 qui
420 3684 454 3747 in
469 3683 701 3767 Menapiorum
717 3682 800 3749 fines
815 3683 962 3767 legiones
980 3682 1153 3758 duxerant,
1162 3678 1270 3743 omni-

220 3789 283 3854 bus
307 3807 420 3853 eorum
444 3786 532 3870 agris
561 3787 710 3866 vastatis,
736 3786 912 3851 frumentis
942 3783 1085 3861 succisis,
1112 3780 1271 3848 aedificiis

251 3970 297 4018 86.
311 3972 324 4028 5
338 3979 360 4016 a.
377 3967 556 4024 aequinoctii.
584 3964 639 4016 The
650 3966 718 4032 equi·
767 3964 919 4031 September.

218 4049 276 4092 uox,
295 4030 428 4097 according
446 4039 474 4081 to
495 4030 538 4081 the
557 4031 718 4083 calculatione
801 4037 845 4085 ³7.
858 4034 871 4091 5
886 4043 908 4082 2.
926 4032 993 4081 orbe
1008 4030 1091 4080 teoto.
1125 4027 1171 4080 See
1186 4043 1209 4078 v.
1226 4040 1266 4091 33,

219 4098 248 4148 oi
263 4100 299 4149 be
315 4097 422 4158 Verrier,
438 4096 483 4148 rell
500 4111 533 4146 ou
550 4095 593 4148 the
612 4097 672 4149 rou
691 4097 722 4149 oi
769 4101 819 4162 η
