3234 5134
242 608 285 656 18.
298 603 325 671 ι]
471 606 525 658 DE
547 606 671 660 BELLO
697 607 866 660 GALLICO.
917 607 988 660 ΠΒ.
1014 609 1061 658 ΙΙΙ
1236 612 1293 674 107

245 764 446 849 Gallicisque
474 769 626 846 navibus,
656 787 740 851 quas
769 789 815 833 ex
852 768 1044 835 Pictonibus
1073 776 1107 832 et
1136 765 1294 833 Santonis

243 871 445 953 reliquisque
467 874 594 956 pacatis
615 873 805 957 regionibus
828 873 1003 938 convenire
1028 874 1176 950 iusserat,
1199 890 1294 955 prae·

244 973 314 1039 ficit
328 985 372 1051 et,
388 994 464 1041 cum
485 977 628 1060 primum
652 986 773 1061 posset,
791 977 825 1040 in
841 976 992 1042 Venetos
1014 974 1176 1059 proficisci
1193 976 1295 1041 iubet

247 1079 324 1162 Ipse
338 1100 379 1144 eo
395 1080 604 1165 pedestribus
619 1081 722 1164 copiis
737 1081 919 1147 contendit.
1359 1068 1364 1081 ’

193 1184 231 1236 1²
289 1181 395 1248 Erant
424 1185 587 1250 eiusmodi
613 1185 681 1250 fere
710 1185 793 1250 situs
823 1185 1034 1269 oppidorum,
1059 1192 1096 1248 ut
1120 1183 1231 1267 posita
1260 1182 1293 1246 in
1306 1191 1448 1270 Thestius·

245 1287 406 1353 extremis
421 1289 555 1372 lingulis
568 1290 869 1373 promontoriisque
885 1307 994 1371 neque
1009 1288 1151 1372 pedibus
1165 1288 1294 1353 aditum
1305 1255 1464 1374 ffirotsonns

246 1390 414 1467 haberent,
429 1412 505 1457 cum
527 1413 572 1458 ex
593 1394 664 1458 alto
682 1413 719 1458 se
741 1405 853 1458 aestus
872 1393 1084 1475 incitavisset,
1100 1393 1192 1474 quod
1210 1385 1292 1480 [bis]
1306 1385 1465 1506 ἓξὲξ

247 1496 367 1561 accidit
382 1518 512 1582 semper
525 1498 682 1562 horarum
705 1511 761 1562 ΧΗ
777 1498 897 1583 spatio,
914 1516 1024 1580 neque
1037 1497 1187 1572 navibus,
1204 1496 1294 1578 quod
1307 1520 1395 1584 njury.
1419 1510 1424 1525 ·

219 1619 359 1663 zrursus
370 1600 541 1666 minuente
555 1610 650 1666 aestu
673 1621 774 1666 naves
788 1601 823 1664 in
840 1601 933 1665 vadis
954 1599 1199 1666 afflictarentur.
1245 1599 1298 1664 Ita

219 1713 388 1786 sutraque
411 1725 447 1769 re
468 1705 669 1789 oppidorum
692 1705 900 1790 oppugnatio
923 1704 1186 1790 impediebatur3
1208 1724 1248 1769 ac
1270 1705 1297 1767 si

249 1810 384 1889 quando
399 1810 631 1893 magnitudine
648 1810 757 1893 operis
773 1807 860 1874 forte
882 1808 1038 1892 superati,
1054 1817 1192 1874 extruso
1215 1807 1298 1870 mari

248 1931 369 1995 aggere
384 1933 423 1978 ac
439 1913 582 1978 molibus
598 1922 700 1996 atque
711 1913 763 1978 his
777 1912 894 1997 oppidi
907 1913 1082 1978 moenibus
1093 1912 1298 1994 adaequatis,

249 2017 316 2080 suis
330 2015 473 2082 fortunis
489 2017 665 2101 desperare
679 2027 869 2100 coeperant,
878 2037 1000 2101 magno
1015 2037 1152 2082 numero
1164 2016 1298 2080 navium

249 2121 401 2204 appulso,
426 2121 521 2187 cuius
541 2122 589 2187 rei
619 2142 784 2187 summam
814 2121 1007 2186 facultatem
1036 2121 1215 2197 habebant,
1240 2140 1300 2183 sua

248 2225 473 2308 deportabant
487 2226 602 2291 omnia
617 2245 719 2309 seque
730 2227 764 2290 in
774 2227 930 2308 proxima
940 2225 1067 2310 oppida
1081 2224 1300 2306 recipiebant;

220 2328 295 2392 4ibi
317 2348 354 2392 se
375 2349 487 2394 rursus
510 2330 628 2395 iisdem
651 2330 956 2415 opportunitatibus
979 2330 1042 2394 loci
1065 2327 1299 2394 defendebant.

222 2444 236 2492 5
252 2433 347 2498 Haec
363 2453 403 2498 eo
417 2432 545 2499 facilius
560 2454 717 2518 magnam
729 2444 858 2518 partem
870 2435 1006 2498 aestatis
1020 2432 1195 2507 faciebant,
1208 2431 1301 2512 quod

251 2547 384 2602 nostrae
414 2558 515 2603 naves
545 2539 801 2621 tempestatibus
833 2537 1075 2616 detinebantur,
1105 2554 1302 2616 summaque

253 2649 324 2704 erat
346 2650 442 2706 vasto
464 2652 567 2725 atque
589 2652 705 2725 aperto
726 2641 820 2718 mari,
836 2641 966 2726 magnis
988 2640 1145 2716 aestibus,
1159 2639 1242 2703 raris
1263 2657 1302 2703 ac

252 2763 355 2826 prope
369 2743 467 2809 nullis
481 2746 642 2830 portibus,
657 2743 837 2810 difficultas
851 2743 1040 2828 navigandi.

202 2855 240 2908 13
297 2847 453 2930 Namque
468 2849 614 2932 ipsorum
637 2869 739 2915 naves
752 2849 796 2914 ad
812 2849 899 2914 hunc
919 2849 1058 2914 modurn
1073 2847 1180 2913 factae
1194 2867 1301 2912 arma·
1314 2854 1399 2907 Gallie
1409 2854 1459 2904 and

252 2961 373 3035 taeque
399 2963 511 3020 erant:
540 2955 673 3019 carinae
701 2953 874 3037 aliquanto
903 2952 1071 3037 planiores
1100 2970 1201 3034 quam
1225 2972 1301 3016 nos
1314 2923 1462 3053 §uffin-

252 3124 753 3177 ThislsthefirstwebearofDecimus
838 3130 851 3184 ς
871 3139 894 3188 3.
916 3131 1031 3176 exta-m
1058 3127 1137 3174 marl.
1172 3122 1228 3173 The
1253 3053 1399 3170 Rom

253 3193 348 3241 Brutus
390 3191 443 3242 Dio
465 3191 567 3241 Cassius
592 3191 686 3255 (xxxin
709 3192 754 3254 4ο)
803 3206 875 3241 mans
890 3190 1068 3256 aresuppoaed
1079 3199 1106 3240 to
1121 3189 1184 3238 have
1199 3203 1244 3237 run
1260 3194 1304 3237 out

252 3257 377 3307 intimatos
396 3257 452 3306 that
469 3257 501 3306 he
518 3257 570 3306 had
589 3257 641 3321 just
659 3256 755 3308 arrived
803 3264 831 3307 at
849 3257 900 3307 low
916 3266 994 3307 water
1009 3264 1060 3306 two
1078 3254 1182 3321 parallel
1198 3251 1305 3301 mounds

254 3323 318 3372 from
329 3322 372 3372 the
383 3322 589 3373 Mediterranean.
724 3330 729 3349 ¹
804 3339 834 3373 or
856 3322 941 3387 dykes,
964 3321 1054 3381 which,
1075 3320 1148 3369 when
1171 3317 1255 3367 united
1277 3324 1305 3367 to

287 3390 465 3448 Pictonibus,
476 3387 552 3438 routh
569 3388 599 3437 of
611 3388 655 3439 the
669 3388 754 3440 Loire.
804 3390 847 3439 the
869 3397 945 3448 town,
965 3385 1025 3452 kept
1040 3386 1083 3435 the
1101 3399 1176 3449 rpaoe
1195 3385 1304 3433 between

254 3452 491 3530 Thepbequeathed
507 3453 570 3503 their
580 3469 654 3505 name
669 3460 697 3531 to
708 3455 754 3533 the
805 3454 869 3531 from
896 3453 972 3518 being
1000 3451 1068 3501 filled
1095 3451 1129 3514 by
1157 3447 1200 3499 the
1226 3448 1305 3514 rising

254 3519 756 3649 ffirffssffifaweeonm
806 3520 866 3645 nd?
872 3599 895 3649 5.
915 3598 956 3634 ao.
991 3579 1058 3632 ‘Ac‘
1075 3579 1125 3631 and
1143 3575 1247 3645 ‘atque'
1262 3593 1304 3628 are

139 3690 143 3699 .
287 3653 754 3709 12.51.etuamod1...ut...
804 3645 1305 3701 usedwiththesameeorrectiveforoe

254 3717 401 3777 haberent,
421 3716 465 3766 ‘of
482 3716 544 3767 such
565 3732 581 3766 a
602 3716 663 3767 kind
680 3733 709 3767 as
727 3723 755 3767 to
804 3732 834 3766 as
850 3719 939 3780 ‘atque
955 3712 1035 3764 adeo?
1069 3713 1166 3772 Cicero,
1183 3710 1214 3760 Τ.
1231 3711 1264 3760 Ι).
1281 3725 1304 3760 ν.

255 3779 333 3876 have!
368 3782 408 3830 An
429 3782 540 3833 instance
559 3782 590 3833 oi
604 3782 647 3860 the
666 3782 758 3859 nre'of
807 3786 821 3840 ξ
862 3780 992 3857 ¹5‘hobeti
1014 3778 1114 3843 ingenio
1133 3785 1207 3892 afflue
1226 3775 1304 3854 nullo.

270 3856 298 3898 ut
340 3847 403 3897 aster
432 3863 448 3897 a
477 3847 675 3910 demonstrative,
704 3847 756 3898 bke
805 3853 828 3897 Κ
863 3861 885 3896 rs
895 3851 1038 3896 sometimes
1046 3843 1145 3920 employ
1185 3841 1306 3904 similarly

255 3913 329 3992 ‘talis
345 3911 389 3977 ut,'
406 3915 454 3965 &c-
486 3914 535 3980 Cp.
553 3927 592 3998 ις’,
612 3919 625 3975 5
644 3927 658 3980 7
677 3915 756 3966 ‘eius-
804 3907 1306 4025 inGreek,e.g.Thnc.vlr.4flrouoir

255 3980 582 4045 modicongreuus...ut
803 3976 970 4028 minoium
1021 4012 1028 4025 .

291 4044 369 4111 [biaJ.
404 4045 508 4096 ‘Bia'is
524 4047 550 4096 in
563 4046 599 4095 all
612 4044 754 4097 thebasa:
839 4046 1066 4104 Iunonium.
1080 4040 1306 4092 Thenominatives

256 4110 755 4164 buterenCaeaaroannotalterthetldes.
805 4110 959 4176 throughout
981 4108 1024 4160 the
1047 4107 1178 4173 following
1201 4120 1307 4173 passage
