3234 5134
211 651 255 698 22.
269 647 296 715 a]
452 649 505 700 DE
528 649 651 701 BELLO
676 649 844 703 GALLICO.
896 651 967 703 ΜΒ.
992 653 1025 704 11
1219 641 1260 723 85

184 808 375 893 alegionem
401 811 566 877 decimam
590 812 731 878 devenit.
776 813 904 878 Milites
926 834 993 879 non
1015 814 1166 898 longiore
1188 835 1259 878 ora·

212 914 304 978 tione
322 914 524 993 cohortatus,
535 937 637 1001 quam
652 918 700 981 uti
716 938 796 982 suae
810 918 969 1002 pristinae
982 918 1116 983 virtutis
1133 938 1260 983 memo·

212 1018 296 1083 riam
320 1019 502 1086 retinerent
528 1040 592 1085 neu
619 1023 887 1104 perturbarentur
910 1022 1023 1086 animo
1046 1021 1260 1105 hostiumque

184 1121 376 1206 simpetum
402 1124 532 1190 fortiter
556 1126 763 1202 sustinerent,
789 1125 877 1207 quod
903 1145 969 1189 non
994 1125 1125 1210 longius
1149 1126 1261 1191 hostes

212 1226 358 1303 aberant,
384 1247 485 1309 quam
515 1249 583 1311 quo
612 1229 717 1294 telum
747 1229 839 1313 adigi
868 1239 992 1313 posset,
1023 1230 1140 1313 proelii
1170 1250 1261 1295 com·

183 1330 368 1402 4mittendi
406 1332 538 1416 signum
577 1333 680 1397 dedit.
727 1330 845 1415 Atque
883 1333 917 1397 in
953 1333 1093 1398 alteram
1131 1343 1258 1418 partem

136 1414 141 1427 ⁸
212 1433 292 1497 item
317 1433 513 1500 cohortandi
540 1456 640 1501 causa
665 1437 833 1520 profectus
859 1437 1085 1518 pugnantibus
1109 1438 1260 1503 occurrit.

184 1537 389 1620 5Temporis
409 1547 503 1603 tanta
522 1538 585 1604 luit
606 1539 775 1622 exiguitas
797 1539 1012 1622 hostiumque
1032 1550 1102 1605 tam
1125 1552 1261 1624 paratus

212 1643 255 1706 ad
281 1642 506 1707 dimicandum
530 1643 669 1720 animus,
692 1652 728 1707 ut
754 1662 821 1707 non
847 1644 948 1708 modo
971 1645 1013 1707 ad
1041 1645 1182 1727 insignia
1206 1666 1261 1710 ac·

212 1746 466 1825 commodanda,
485 1745 543 1811 sed
566 1747 727 1811 etiamad
750 1746 864 1829 galeas
885 1747 1069 1811 induendas
1092 1748 1261 1830 scutisque

183 1850 396 1932 6tegimenta
412 1850 620 1914 detrudenda
637 1858 770 1931 tempus
790 1849 941 1914 desuerit.
988 1850 1099 1935 Quam
1120 1852 1260 1934 quisque

212 1954 255 2017 ab
276 1973 376 2037 opere
399 1953 432 2016 in
456 1963 584 2038 partem
607 1973 686 2018 casu
707 1954 842 2018 devenit
864 1974 1016 2037 quaeque
1038 1955 1145 2037 prima
1166 1956 1261 2037 signa

212 2058 398 2142 conspexit,
430 2058 473 2121 ad
507 2057 589 2121 haec
626 2058 787 2135 constitit,
820 2077 863 2121 ne
896 2058 930 2123 in
963 2058 1160 2140 quaerendis
1192 2060 1261 2123 suis

212 2163 384 2246 pugnandi
402 2171 535 2244 tempus
554 2160 747 2225 dimitteret.

157 2268 200 2323 22
257 2267 425 2331 Instructo
448 2264 605 2343 exercitu,
628 2265 735 2348 magis
757 2274 795 2328 ut
816 2263 880 2330 loci
906 2274 1025 2330 natura
1046 2264 1260 2347 deiectusque

211 2369 306 2434 collis
322 2379 356 2434 et
374 2368 555 2433 necessitas
575 2368 745 2450 temporis,
760 2386 861 2449 quam
882 2379 920 2433 ut
939 2369 984 2433 rei
1007 2368 1157 2432 militaris
1173 2370 1258 2432 ratio

211 2483 314 2554 atque
339 2474 422 2537 ordo
447 2470 648 2555 postulabat,
672 2491 760 2550 cum,
786 2473 923 2536 diversis
949 2471 1149 2556 legionibus,
1175 2472 1261 2535 aliae

210 2576 278 2641 alia
301 2577 334 2640 in
356 2586 450 2660 parte
472 2575 624 2639 hostibus
646 2575 845 2654 resisterent,
859 2575 1081 2658 saepibusque
1103 2576 1261 2639 densissi-

213 2681 286 2757 mis,
317 2689 356 2743 ut
391 2688 470 2743 aute
506 2678 817 2756 demonstravimus
852 2679 1029 2744 interiectis
1066 2688 1261 2764 prospectus

212 2784 438 2867 impediretur,
453 2801 561 2863 neque
583 2790 674 2846 certa
695 2781 843 2847 subsidia
865 2783 1016 2847 collocari
1040 2803 1157 2866 neque,
1178 2784 1259 2866 quid

212 2888 247 2953 in
258 2907 392 2971 quaque
403 2896 497 2971 parte
508 2905 592 2969 opus
604 2895 701 2961 esset,
713 2887 878 2969 provideri
894 2906 1001 2970 neque
1011 2888 1055 2952 ab
1070 2908 1137 2951 uno
1149 2889 1261 2952 omnia

184 2993 351 3077 2imperia
376 2988 599 3057 administrari
626 2998 786 3072 poterant
838 2990 957 3072 Itaque
979 2991 1012 3054 in
1036 3000 1130 3055 tanta
1151 3012 1260 3057 rerum

212 3098 388 3181 iniquitate
403 3095 555 3159 fortunae
570 3112 703 3175 quoque
717 3103 855 3158 eventus
870 3094 953 3158 varii
969 3097 1201 3179 sequebantur.

245 3297 286 3343 21-
314 3299 369 3355 ⁵3·
396 3293 481 3348 udis&
516 3287 590 3338 MSS.
612 3285 712 3336 ‘adici'
765 3284 862 3344 idad
880 3286 940 3347 fin;
962 3291 1261 3351 37,§10,‘netsntam

211 3359 261 3408 But
273 3358 314 3408 the
325 3357 395 3406 word
410 3357 455 3405 hes
468 3355 531 3404 been
546 3353 640 3403 altered
656 3354 714 3403 here
762 3353 886 3402 fortunam
908 3370 938 3403 ex
967 3354 1082 3403 menibus
1103 3350 1260 3405 dimittant’:
1338 3405 1343 3413 ,

211 3419 713 3484 andinlii.13,§8;14,§4onthe
761 3419 1097 3482 vii.52,§a:riii.5,tr.

210 3490 354 3554 suggestion
366 3487 395 3537 oi
403 3486 516 3552 Madvig.
794 3487 839 3533 22.
861 3489 874 3543 ς
897 3497 919 3534 1.
946 3487 1067 3534 diversis
1093 3487 1261 3544 legionibus,

248 3562 298 3619 ⁵5·
315 3557 448 3611 inolente.
473 3553 594 3613 irata.
618 3550 712 3600 Caesar
761 3552 844 3609 enee,
872 3553 926 3609 do,
948 3550 1049 3614 ‘seeing
1076 3550 1136 3609 that,
1163 3565 1192 3599 es
1219 3550 1262 3602 the

211 3622 303 3686 speaks
319 3620 348 3670 oi
356 3619 453 3682 ‘fitting
470 3633 503 3667 on
514 3618 556 3667 the
567 3613 712 3665 devices’-
761 3614 858 3679 legions
876 3629 939 3665 were
958 3616 1041 3678 iecing
1059 3614 1170 3665 different
1186 3631 1262 3681 ways,

211 3692 240 3735 to
262 3685 305 3736 the
333 3685 438 3735 helmets
460 3685 480 3732 it
501 3680 585 3732 would
607 3695 707 3745 appear.
761 3694 831 3729 some
849 3695 913 3730 nere
929 3680 1043 3744 resisum
1058 3680 1100 3730 the
1117 3681 1157 3731 soe
1174 3680 1200 3730 in
1215 3697 1263 3732 one

210 3752 236 3802 V
294 3753 330 3800 'us
340 3749 398 3801 tells
412 3748 506 3798 usthat
515 3748 557 3797 the
571 3745 674 3796 soldiers
685 3745 715 3795 ol
779 3751 817 3794 art
833 3745 882 3794 and
908 3761 978 3795 some
1003 3746 1028 3793 in
1055 3745 1174 3796 another!
1213 3748 1263 3798 We

210 3833 255 3869 eac
288 3817 376 3868 cohort
392 3814 443 3864 hed
456 3810 622 3863 adistlnetive
638 3810 711 3860 marli
793 3826 824 3861 ve
841 3810 899 3860 here
915 3825 947 3859 an
963 3811 1013 3860 ebl.
1030 3812 1083 3862 ebs.
1100 3812 1199 3862 reterrin
1234 3820 1262 3864 to

210 3883 313 3948 painted
335 3897 351 3930 u
387 3896 403 3930 n
425 3879 488 3929 their
509 3877 607 3933 shields,
628 3877 709 3928 which
760 3875 803 3927 the
823 3875 916 3939 subject
932 3875 961 3925 of
975 3876 1018 3926 the
1039 3885 1161 3937 sentence,
1179 3894 1203 3928 w

210 3948 269 4013 they
279 3949 329 4000 cell
372 3940 673 4008 inhietime⁴digmata⁹
759 3941 803 3991 the
824 3957 892 3991 same
918 3957 987 3992 sense
1006 3942 1082 3992 could
1110 3943 1172 3994 here
1199 3946 1261 3995 been

245 4013 300 4074 56.
318 4017 483 4072 dimitteret,
505 4014 514 4038 ¹
520 4008 601 4060 throw
623 4005 710 4072 away!
760 4007 891 4072 expressed
918 4007 1015 4071 hythe
1041 4023 1111 4059 nom.
1144 4009 1262 4061 Krmer's

210 4081 265 4132 The
282 4080 352 4130 word
371 4078 417 4129 has
436 4077 478 4129 the
499 4090 569 4126 sense
585 4075 616 4123 oi
627 4075 712 4137 losing
761 4079 813 4123 text
824 4072 869 4121 has
881 4073 1139 4140 ‘direrseelegioues'

210 4149 317 4211 through
332 4147 399 4196 one's
414 4159 470 4194 onn
485 4150 533 4192 act.
566 4140 614 4206 Cp.
625 4141 659 4190 vi.
672 4153 710 4199 12,
794 4145 870 4188 ente.
890 4151 929 4199 17,
942 4141 956 4198 t
969 4156 993 4204 4
