3234 5134
374 604 434 685 ¹7⁸
717 614 747 668 c.
773 616 872 667 rnen
894 614 1085 668 cnesnnrs
1322 615 1376 682 [sn.
1391 629 1425 665 a·

373 824 530 888 magnum
561 825 735 870 nnmerum
765 804 910 871 habebat
940 816 974 870 et
1011 802 1191 869 nonnullae
1222 811 1422 887 tempestate

372 908 581 991 deperierant
606 929 715 986 naves,
737 910 870 975 duobus
893 909 1135 974 commeatibus
1161 908 1345 973 exercitum
1370 928 1421 971 re·

374 1022 506 1094 portare
530 1012 682 1078 instituit
725 1012 780 1077 Ac
806 1013 853 1079 sic
879 1013 1008 1091 accidit,
1031 1012 1080 1076 uti
1104 1032 1149 1077 ex
1171 1020 1266 1076 tanto
1287 1011 1449 1078 naviums

372 1134 510 1181 numero
531 1125 583 1181 tot
605 1117 873 1202 navigationibus
899 1136 1007 1199 neque
1032 1116 1097 1181 hoc
1120 1135 1228 1198 neque
1253 1114 1421 1197 superiore

372 1239 460 1283 anno
480 1219 547 1285 ulla
562 1222 699 1287 omnino
716 1222 819 1302 navis,
835 1240 921 1305 quae
941 1220 1062 1285 milites
1083 1228 1237 1303 portaret,
1253 1219 1421 1283 desidera·

372 1332 482 1404 retur,
511 1333 547 1390 at
576 1346 621 1390 ex
651 1326 700 1408 iis,
728 1345 816 1408 quae
845 1326 961 1391 inanes
990 1345 1036 1389 ex
1065 1323 1247 1389 continenti
1273 1324 1316 1388 ad
1343 1339 1452 1387 cumr

371 1428 614 1493 remitterentur
638 1440 672 1494 et
697 1430 814 1513 prioris
840 1438 1047 1493 commeatus
1071 1427 1234 1511 expositis
1260 1426 1420 1491 militibus

370 1542 404 1597 et
418 1552 502 1615 quas
518 1543 634 1616 postea
650 1533 817 1599 Labienus
832 1531 1002 1598 iaciendas
1021 1541 1192 1598 curaverat
1207 1551 1345 1596 numero
1360 1544 1419 1610 LX,

369 1656 553 1721 perpaucae
581 1636 692 1703 locum
723 1646 889 1721 caperent,
923 1636 1069 1720 reliquae
1106 1634 1174 1700 lere
1209 1654 1324 1699 omnes
1358 1636 1419 1699 rei·

370 1751 531 1806 cerentur.
577 1741 671 1825 Quas
685 1762 761 1807 cum
779 1741 984 1825 aliquamdiu
1005 1738 1127 1805 Caesar
1140 1739 1260 1803 frustra
1281 1759 1448 1822 exspem

370 1854 483 1923 tasset,
499 1865 540 1911 ne
555 1846 631 1910 anni
646 1855 798 1928 tempore
813 1865 833 1908 a
849 1844 1061 1928 navigatione
1075 1843 1317 1922 excluderetur,
1328 1845 1419 1925 quod

370 1951 616 2033 aequinoctium
632 1950 775 2031 suberat,
790 1950 975 2015 necessario
991 1949 1163 2033 angustius
1180 1948 1301 2013 milites
1315 1947 1418 2012 collo·

368 2055 457 2119 cavit
480 2074 519 2118 ac
542 2075 674 2119 summa
694 2053 935 2138 tranquillitate
961 2065 1147 2131 consecuta,
1167 2053 1313 2118 secunda
1336 2052 1419 2117 inita

367 2177 444 2221 cunr
460 2156 608 2223 solvisset
622 2157 745 2241 vigilia,
761 2159 869 2241 prima
884 2158 958 2223 luce
972 2167 1095 2222 terram
1109 2158 1223 2241 attigit
1236 2176 1418 2240 omnesque

370 2260 550 2327 incolumes
563 2283 663 2327 naves
678 2262 847 2346 perduxit.

201 2371 326 2448 pisulbu·
415 2364 596 2431 Subductis
606 2366 746 2431 navibus
761 2365 966 2448 concilioque
978 2362 1151 2429 Gallorum
1164 2363 1416 2429 Samarobrivae
1429 2371 1475 2426 24

198 2435 346 2567 ἓξὲξ*
370 2481 514 2553 peracto,
541 2471 632 2553 qnod
662 2490 704 2536 eo
733 2491 821 2535 anno
850 2468 1050 2534 frumentum
1080 2469 1113 2532 in
1140 2467 1250 2534 Gallia
1281 2479 1417 2552 propter

200 2568 298 2618 ’Μα-
370 2573 533 2640 siccitates
562 2575 735 2659 angustius
766 2582 974 2658 provenerat,
1003 2581 1138 2638 coactus
1171 2582 1222 2637 est
1252 2572 1348 2638 aliter
1376 2592 1416 2637 ac

200 2643 320 2697 quma
369 2679 592 2761 superioribus
606 2680 701 2743 annis
716 2680 898 2744 exercitum
920 2678 953 2742 in
967 2676 1112 2742 hibernis
1132 2675 1295 2741 collocare
1315 2676 1417 2762 legio-

369 2801 493 2864 nesque
509 2782 541 2845 in
557 2782 669 2866 plures
683 2783 834 2848 civitates
854 2782 1059 2847 distribuere.
1106 2780 1163 2843 Ex
1178 2781 1297 2863 quibus
1316 2801 1444 2845 unamr

367 2886 401 2948 in
421 2885 568 2949 Morinos
591 2886 775 2950 ducendam
796 2885 882 2951 Gaio
903 2885 1008 2951 Fabio
1029 2882 1142 2967 legato
1162 2884 1263 2962 dedit,
1279 2884 1417 2950 alteram

305 3031 313 3058 ι
367 2988 401 3052 in
429 2987 569 3052 Nervios
593 2987 721 3071 Quinto
746 2988 908 3067 Ciceroni,
930 2988 1063 3053 tertiam
1086 2988 1120 3051 in
1144 2987 1287 3053 Esuvios
1310 2988 1416 3053 Lucio

368 3092 512 3168 Roscio;
533 3102 683 3174 quartam
700 3092 734 3155 in
750 3091 866 3156 Remis
880 3113 956 3157 cum
968 3092 1048 3156 Tito
1058 3091 1208 3156 Labieno
1224 3093 1257 3156 iu
1272 3091 1416 3158 confinio

367 3197 585 3262 Treverorum
611 3195 757 3259 hiemare
783 3196 898 3274 inssit;
931 3206 998 3261 tres
1023 3196 1056 3259 in
1082 3194 1193 3279 Belgis
1222 3194 1446 3266 collocavitrr

366 3302 417 3366 his
434 3302 585 3366 Marcum
605 3298 760 3364 Crassum
783 3309 992 3382 quaestorem
1015 3308 1049 3363 et
1066 3298 1207 3364 Lucium
1225 3298 1414 3365 Munatium

367 3405 525 3471 Plancum
542 3414 577 3469 et
592 3402 713 3468 Gaium
729 3402 934 3467 Trebonium
952 3401 1080 3486 legatos
1096 3400 1263 3486 praefecit.
1301 3402 1445 3474 Unam4
1479 3391 1482 3408 '

398 3587 443 3635 28.
457 3588 469 3644 ξ
484 3598 506 3633 a.
523 3584 733 3642 commeatibus,
752 3578 864 3645 ‘relayn’
949 3583 1169 3631 Samarobrivae.
1203 3580 1270 3631 Now
1302 3581 1416 3642 Amicus,

366 3649 396 3700 In
410 3652 452 3702 the
468 3649 564 3699 Bellum
578 3648 723 3698 Africanum
737 3646 778 3698 the
794 3646 865 3697 word
914 3645 980 3722 irorn
993 3647 1036 3696 the
1052 3661 1125 3697 nume
1141 3646 1171 3696 oi
1183 3646 1226 3698 the
1242 3647 1340 3714 people,
1352 3650 1416 3697 Am·

366 3713 866 3777 oocursiourtimesinthiuenee,8,§1;
913 3712 989 3761 blant

367 3792 407 3841 31.
422 3784 434 3838 t
449 3793 495 3841 103
512 3794 552 3843 ³4,
566 3784 579 3839 t
592 3795 623 3844 rr
641 3789 680 3842 rr.
694 3783 707 3838 t
722 3792 743 3828 ¹·
948 3781 962 3838 t
984 3792 1007 3827 ²·
1033 3780 1143 3835 auaro
1178 3781 1314 3829 onoronr.
1358 3777 1414 3829 me

400 3848 449 3906 §4
465 3855 572 3931 noema,
584 3844 720 3895 ‘atalrter
727 3843 864 3905 dete(than
914 3859 1025 3909 younger
1035 3844 1135 3894 brother
1145 3841 1173 3893 oi
1183 3843 1226 3894 the
1236 3852 1327 3894 orator.
1387 3909 1394 3922 .

365 3906 864 3971 aa
914 3908 1415 4036 mn

398 4043 513 4098 24.st
535 4043 722 4099 concilioque.
771 4044 864 4103 ιω
947 4047 1131 4098 quantem„
1158 4039 1292 4103 isam.

363 4103 864 4169 vi.3‚t4;4,§6;ro,§3;44,§1.
946 4106 1415 4158 LuctumltunetiumPlenonn.
