3234 5134
394 934 578 983 Caesar
597 931 648 981 in

395 998 663 1062 Illyricum.

395 2287 684 2336 Ouretnm·

432 2433 459 2465 e
584 2431 609 2464 2

393 2483 533 2549 ships
554 2480 699 2531 built.

735 542 851 603 ιω
1031 523 1041 535 '
1415 552 1468 602 e.
1522 551 1716 602 ιυιιι
1761 550 2136 603 cas-sams
2661 551 2843 618 [1.3-

729 731 928 795 quam
960 711 1044 776 ad
1077 730 1215 775 rem
1248 711 1532 778 multum
1564 712 1905 777 humilitas
1933 711 2225 777 adiuvat.
2318 710 2442 785 Ea,
2466 730 2641 794 quae
2669 722 2841 775 sunt
2872 729 2908 772 4

729 815 871 879 usui
919 814 1004 879 ad
1053 818 1406 883 armandas
1450 838 1669 894 nava,
1717 838 1806 883 ex
1859 814 2188 901 Hispania
2240 814 2574 898 apportari
2619 814 2831 878 iubet.

729 918 882 1001 Ipse
910 921 1347 985 conventibus
1379 920 1636 988 Galliae
1678 920 2001 986 citerioris
2037 919 2321 1004 peractis
2367 917 2432 982 in
2481 916 2830 1001 Illyricum
2864 933 2896 980 5

726 1021 1180 1105 proficiscitur,
1203 1028 1386 1109 quod
1411 1046 1453 1090 a
1478 1025 1756 1091 Pirustis
1786 1024 2133 1089 finitimam
2167 1032 2419 1106 partem
2453 1023 2832 1105 provinciae

726 1125 1208 1194 incursionibus
1253 1130 1492 1195 vastari
1536 1130 1872 1195 audiebat.
1964 1127 2070 1193 Eo
2114 1148 2266 1193 cum
2310 1125 2618 1204 venisset,
2663 1126 2826 1190 civi·
2855 1129 2891 1176 6

726 1231 977 1295 tatibus
1030 1231 1269 1299 milites
1321 1235 1604 1317 imperat
1653 1242 2038 1316 certumque
2087 1232 2152 1295 in
2201 1230 2423 1295 locum
2475 1229 2828 1295 convenire

729 1333 931 1398 iubet.
992 1334 1146 1419 Qua
1176 1357 1246 1400 re
1275 1337 1576 1402 nuntiata
1609 1337 1906 1402 Pirustae
1935 1335 2193 1420 legatos
2224 1333 2311 1397 ad
2342 1353 2495 1398 eum
2528 1334 2823 1406 mittunt,
2855 1351 2884 1397 τ

727 1437 842 1521 qui
874 1440 1157 1503 doceant
1202 1440 1367 1504 nihil
1407 1461 1634 1505 earum
1677 1460 1891 1504 rerum
1935 1438 2207 1523 publico
2247 1437 2495 1502 factum
2526 1436 2825 1514 consilio,

728 1564 1002 1626 seseque
1035 1555 1300 1626 paratos
1330 1565 1473 1608 esse
1508 1544 1968 1609 demonstrant
1996 1542 2304 1608 omnibus
2340 1540 2709 1605 rationibus
2738 1543 2827 1606 de

731 1647 984 1713 iniuriis
1040 1646 1431 1713 satisfacere.
1545 1647 1867 1730 Percepta
1925 1646 2223 1712 oratione
2287 1664 2516 1710 eorum
2580 1643 2828 1709 Caesar
2854 1662 2882 1707 8

730 1752 995 1816 obsides
1040 1752 1322 1834 imperat
1368 1771 1615 1834 eosque
1660 1752 1744 1815 ad
1788 1760 2035 1816 certam
2083 1749 2262 1814 diem
2306 1749 2550 1814 adduci
2600 1748 2825 1823 iubet;

730 1855 853 1920 nisi
930 1856 1024 1919 ita
1096 1855 1384 1934 fecerint,
1454 1875 1598 1919 sese
1665 1853 1844 1919 bello
1917 1854 2254 1920 civitatem
2332 1861 2824 1936 persecuturum

728 1961 1157 2024 demonstrat.
1266 1959 1356 2023 lis
1412 1959 1499 2023 ad
1574 1958 1752 2023 diem
1826 1958 2153 2037 adductiS,
2216 1966 2290 2021 ut
2366 1957 2826 2040 imperaverat,
2851 1984 2881 2031 9

727 2063 1010 2127 arbitros
1044 2063 1213 2126 inter
1240 2062 1544 2127 civitates
1574 2062 1711 2144 dat,
1741 2062 1855 2144 qui
1901 2062 2085 2126 litem
2126 2061 2475 2126 aestiment
2509 2080 2826 2144 poenam-

729 2186 860 2249 que
890 2166 1317 2231 constituant.

821 2269 949 2333 His
990 2269 1303 2334 confectis
1341 2270 1536 2334 rebus
1571 2269 2140 2352 conventibusque
2182 2269 2466 2351 peractis
2508 2268 2575 2331 in
2607 2268 2824 2333 citeri·
2853 2283 2895 2334 2

733 2391 918 2438 orem
970 2370 1257 2437 Galliam
1305 2373 1650 2438 revertitur
1693 2382 1895 2455 atque
1941 2372 2093 2436 inde
2137 2372 2224 2436 ad
2270 2372 2633 2437 exercitum
2673 2393 2824 2455 pro-

736 2476 1062 2541 ficiscitur.
1159 2478 1263 2541 Eo
1302 2498 1453 2542 cum
1495 2478 1801 2557 venisset,
1847 2477 2135 2543 circuitis
2177 2478 2484 2543 omnibus
2533 2477 2824 2542 hibernis
2854 2507 2880 2540 2

733 2582 1044 2665 singulari
1077 2583 1361 2647 militum
1394 2582 1618 2647 studio
1652 2584 1719 2647 in
1749 2602 2010 2647 summa
2032 2583 2329 2647 omnium
2360 2602 2577 2646 rerum
2602 2582 2826 2665 inopia

732 2686 993 2751 circiter
1021 2696 1355 2752 sescentas
1386 2686 1528 2751 eius
1562 2686 1841 2770 generiS,
1873 2687 2060 2752 cuius
2101 2706 2301 2770 supra
2341 2685 2825 2752 demonstravi-

733 2810 897 2870 mus,
950 2809 1150 2853 naves
1200 2802 1268 2857 et
1316 2790 1549 2873 longas
1596 2804 1839 2854 XXVIII
1901 2791 2150 2854 invenit
2205 2789 2556 2855 instructas
2615 2809 2825 2872 neque

734 2893 1018 2957 multum
1049 2893 1278 2958 abesse
1305 2894 1390 2957 ab
1420 2914 1520 2968 e0,
1549 2894 1712 2977 quin
1756 2894 1984 2976 paucis
2014 2894 2250 2959 diebus
2281 2893 2518 2958 deduci
2553 2895 2825 2975 possint.

401 3021 509 3069 Tm.-
537 3025 710 3073 pfflffi
738 2997 1150 3061 Collaudatis
1196 2995 1512 3061 militibus
1557 3007 1763 3080 atque
1806 2997 1903 3076 iis,
1932 2998 2047 3080 qui
2085 2997 2354 3080 negotio
2392 2996 2827 3079 praefuerant,
2854 3023 2883 3070 3

401 3089 525 3135 Itius
549 3105 577 3137 a

401 3157 585 3213 {minim
626 3169 682 3201 ns

397 3221 481 3265 the
505 3229 653 3269 tuffi-

401 3285 662 3345 inffplnoe.

738 3101 894 3185 quid
938 3101 1074 3165 fieri
1122 3101 1277 3165 velit
1320 3100 1609 3165 ostendit
1655 3110 1860 3184 atque
1903 3121 2134 3165 omnes
2173 3101 2260 3165 ad
2308 3112 2574 3183 portum
2622 3100 2826 3166 Itium

738 3205 1086 3269 convenire:
1162 3204 1357 3282 iubet,
1428 3224 1562 3287 quo
1638 3226 1726 3268 ex
1801 3216 1999 3287 portu
2072 3205 2683 3270 commodissimum
2761 3206 2826 3269 in

742 3341 766 3393 ξ
806 3333 834 3381 fi
866 3333 1114 3381 ‘actuaria
1146 3327 1395 3394 mvigia’:
1430 3331 1502 3380 iii.
1528 3330 1664 3391 62,§
1703 3346 1727 3381 2
1896 3333 1948 3381 8.
1997 3334 2024 3390 ς
2072 3344 2118 3393 3.
2172 3337 2403 3388 portum
2452 3335 2644 3382 Itium.
2729 3335 2826 3383 Ac·

742 3409 918 3445 *navt-s
950 3394 1255 3446 attuarins’:
1290 3394 1394 3444 Al!
1483 3400 1509 3455 5
1545 3413 1577 3460 4
1612 3399 1729 3445 ‘nae
1829 3396 2037 3461 cording
2069 3406 2123 3446 to
2162 3395 2247 3445 the
2287 3397 2527 3462 Emperor
2559 3398 2826 3463 Napoleon

738 3465 870 3529 vigit·
914 3461 1187 3513 actnffln½
1232 3477 1315 3525 44,
1352 3467 1377 3520 ξ
1423 3476 1452 3525 3
1556 3461 1730 3513 avibus
1828 3460 1914 3513 the
1952 3462 2128 3511 Portus
2162 3462 2288 3511 Itius
2325 3463 2370 3511 is
2409 3462 2698 3529 Boulogne3
2746 3481 2825 3514 ac·

734 3529 1022 3577 actuariis':
1078 3529 1154 3577 Μ’.
1197 3543 1278 3591 44,
1322 3529 1349 3585 5
1392 3540 1412 3576 I
1458 3527 1731 3578 ‘naviculis
1828 3528 2037 3592 cording
2067 3535 2123 3577 to
2148 3526 2417 3577 D'Anville
2451 3529 2492 3578 it
2523 3530 2566 3579 is
2591 3530 2823 3588 wissant,

734 3593 1022 3645 actum-115²:
1062 3593 1167 3643 Lis.
1198 3593 1298 3643 xxi.
1325 3593 1405 3654 28,
1440 3596 1465 3651 5
1562 3597 1729 3643 ‘actm
1828 3593 2051 3644 between
2073 3592 2184 3642 that
2204 3593 2303 3642 and
2326 3593 2513 3643 Calais.
2577 3594 2827 3645 Professor

734 3661 850 3709 ariis
874 3697 886 3709 ..
910 3697 922 3705 ,.
950 3697 962 3705 .
986 3655 1221 3709 navibus-¹
1278 3657 1393 3709 Aul.
1418 3659 1495 3709 Ge
1519 3658 1551 3709 l.
1576 3675 1622 3707 x.
1652 3673 1727 3742 αξ,
1830 3658 1970 3722 Rhy-
2008 3659 2163 3722 (Celt.
2198 3658 2317 3709 Brit.
2361 3676 2409 3725 p.
2446 3660 2564 3723 ²99)
2605 3670 2828 3724 suggests

738 3729 762 3785 fi
790 3741 818 3789 5
846 3729 858 3753 *”
878 3725 1138 3781 actuariae,
1195 3738 1283 3773 uas
1307 3724 1487 3774 Graeci
1509 3725 1731 3773 ἱστιοκω-
1829 3724 1937 3775 that
1969 3725 2053 3775 the
2084 3732 2192 3775 true
2224 3724 2351 3773 form
2390 3725 2449 3774 of
2481 3726 2566 3775 the
2603 3741 2748 3776 name
2785 3727 2828 3774 is

734 3809 846 3837 rum
896 3801 1070 3841 vocant
1130 3805 1184 3837 *re
1260 3788 1552 3852 zmrpc‘aas.
1619 3791 1730 3841 The
1830 3790 2008 3840 Portus
2030 3789 2200 3849 letius,
2225 3789 2324 3838 and
2357 3789 2464 3841 that
2494 3790 2577 3841 the
2600 3791 2827 3840 Channel

734 3853 1014 3905 ‘actuaria'
1050 3873 1150 3905 was
1181 3855 1412 3906 intended
1442 3855 1519 3905 for
1549 3856 1733 3921 uiling
1829 3854 2111 3906 meaned
2134 3855 2220 3906 the
2235 3855 2394 3904 Ictian
2410 3856 2522 3906 Sea.
2579 3856 2664 3905 He
2680 3856 2828 3906 infers

734 3921 830 3969 and
854 3922 1058 3985 towing.
1831 3921 1930 3971 this
1973 3921 2099 3970 from
2149 3920 2235 3970 the
2289 3920 2376 3970 old
2431 3937 2577 3972 name
2622 3920 2702 3971 for
2741 3922 2826 3971 the

802 3989 1038 4041 imperat
1074 3988 1211 4035 fisi-l.
1277 3985 1369 4037 See
1404 3997 1450 4051 7,
1492 3991 1517 4046 5
1558 4001 1591 4052 9
1627 3994 1731 4037 ‘re·
1829 3986 2057 4037 Chmnel
2090 3987 2140 4036 in
2175 3986 2319 4047 hish,
2353 3986 2516 4038 which
2550 4002 2651 4037 was
2691 3987 2829 4037 Muir

738 4053 962 4117 trahique
986 4049 1222 4117 imperat:
1255 4105 1279 4127 ae
1827 4051 2013 4103 n·1cht.
