3234 5134
339 599 381 680 4⁸
687 611 715 663 c.
740 610 837 663 ιυιιι
861 609 1047 662 cAusams
1285 606 1345 674 [ιο.
1358 621 1390 674 7-

339 794 412 839 esse
430 783 543 839 nostro
557 772 719 839 exercitui
738 793 805 838 non
823 772 1001 858 potuerint.
1048 770 1085 837 Si
1106 792 1191 855 quos
1211 773 1417 838 adversums

339 877 501 962 proelium
526 887 560 942 et
588 877 667 961 fuga
690 876 863 942 Gallorum
888 886 1121 954 commoveret,
1143 877 1215 956 hos,
1236 877 1265 941 si
1287 896 1389 958 quae·

340 990 458 1068 terent,
473 981 615 1065 reperire
630 1002 729 1065 posse
744 982 961 1047 diuturnitate
980 980 1059 1045 belli
1078 979 1268 1067 defatigatis
1284 979 1389 1062 Gallis

339 1084 558 1163 Ariovistum,
573 1106 648 1151 cum
668 1086 793 1151 multos
815 1105 945 1175 menses
965 1086 1080 1150 castris
1103 1105 1139 1149 se
1154 1104 1192 1151 ac
1212 1085 1389 1170 paludibus

340 1189 499 1255 tenuisset
516 1209 624 1273 neque
642 1190 693 1254 sui
713 1187 914 1282 potestatem
935 1188 1074 1266 iecisset,
1089 1191 1302 1272 desperantes
1323 1191 1389 1254 iarn

341 1294 512 1378 depugna
532 1305 567 1359 et
588 1294 755 1377 dispersos
774 1292 887 1358 subito
909 1293 1064 1369 adortum
1088 1293 1193 1376 magis
1213 1294 1341 1359 ratione
1355 1303 1389 1357 et

341 1397 478 1463 consilio
494 1419 595 1481 quarn
609 1399 731 1464 virtute
745 1399 871 1473 vicisse.
902 1396 964 1477 Cui
980 1398 1101 1462 rationi
1112 1406 1229 1463 contra
1239 1397 1418 1467 hominess

340 1502 498 1568 barbaros
521 1513 624 1584 atque
653 1503 823 1586 imperitos
853 1501 945 1566 locus
968 1502 1093 1579 suisset,
1117 1500 1180 1566 hac
1209 1522 1251 1566 ue
1280 1501 1388 1583 ipsum

341 1607 475 1688 quidem
492 1626 625 1690 sperare
639 1618 771 1672 nostros
786 1607 957 1671 exercitus
965 1606 1038 1689 capi
1057 1625 1163 1687 posse.
1209 1604 1277 1690 Qui
1292 1625 1388 1670 suum
1405 1626 1436 1662 10

340 1709 497 1774 timorem
518 1711 551 1774 in
568 1710 613 1775 rei
635 1710 867 1775 frumentariae
885 1708 1131 1783 simulationem
1152 1710 1390 1791 angustiasque

342 1813 466 1877 itineris
486 1812 682 1888 conferrent,
698 1811 807 1878 iacere
825 1821 1026 1895 arroganter,
1042 1832 1118 1876 cum
1137 1823 1197 1877 aut
1219 1813 1263 1877 de
1280 1813 1390 1879 officio

341 1917 547 1999 imperatoris
561 1917 736 2001 desperare
750 1927 808 1980 aut
824 1915 1046 2000 praescribere
1060 1915 1257 1979 viderentur.
1294 1916 1390 1982 Haec
1406 1935 1433 1970 ¹1

340 2020 404 2084 sibi
419 2040 491 2084 esse
505 2041 622 2084 curae:
645 2017 848 2085 trumentum
864 2018 1046 2100 Sequanos,
1066 2018 1204 2098 leucos,
1220 2018 1390 2103 Lingones

341 2124 597 2198 subministrare,
612 2124 747 2205 iamque
760 2142 833 2187 esse
848 2123 882 2187 in
896 2122 984 2205 agris
999 2120 1164 2187 frumenta
1178 2131 1308 2187 matura
1320 2145 1328 2202 3
1346 2124 1390 2188 de

341 2226 457 2294 itinere
472 2227 561 2309 ipsos
576 2227 666 2291 brevi
682 2235 835 2309 tempore
853 2226 1064 2290 iudicaturos.
1109 2225 1211 2310 Quod
1232 2246 1298 2291 non
1320 2225 1390 2291 sore
1406 2249 1438 2284 ιι

341 2331 432 2396 dicto
454 2331 628 2394 audientes
642 2349 757 2412 neque
778 2330 875 2412 signa
897 2330 994 2394 laturi
1017 2330 1177 2409 dicantur,
1194 2330 1273 2395 nihil
1295 2351 1332 2395 se
1349 2351 1389 2395 ea

341 2455 376 2499 re
391 2434 593 2500 commoveri
608 2456 615 2497 :
638 2434 722 2497 scire
736 2433 835 2508 enim,
847 2433 1111 2515 quibuscumque
1122 2434 1288 2501 exercitus
1300 2435 1390 2499 dicto

342 2539 480 2604 audiens
494 2558 560 2603 non
580 2537 687 2614 suerit,
701 2549 758 2602 aut
778 2536 866 2602 male
885 2557 921 2601 re
940 2547 1035 2620 gesta
1053 2536 1218 2603 fortunam
1238 2537 1390 2623 defuisse,

343 2653 401 2707 aut
415 2642 529 2725 aliquo
546 2642 692 2707 facinore
711 2650 882 2725 comperto
901 2641 1073 2706 avaritiam
1090 2661 1162 2706 esse
1185 2643 1391 2715 convictam:

342 2766 437 2811 suam
453 2746 675 2811 innocentiam
691 2757 854 2831 perpetua
867 2747 947 2825 vita,
954 2745 1147 2810 felicitatem
1160 2745 1390 2812 Helvetiorum
1407 2766 1437 2816 ¹3

377 2915 435 2973 58.
451 2918 605 2964 adversum
622 2917 770 2975 proellum,
788 2915 845 2965 ‘de-
926 2918 939 2974 5
963 2928 1000 2965 ta.
1027 2919 1104 2967 dioto
1127 2920 1262 2969 euntem:
1286 2932 1326 2983 39,
1344 2922 1390 2980 57

342 2977 409 3030 teat)
442 2979 490 3045 Cp.
511 2982 577 3038 18‚5
593 2992 630 3028 10.
666 2980 722 3029 The
736 2980 845 3030 allusion
893 2980 977 3030 ‘dicto
988 2980 1131 3031 audientes·

342 3046 365 3095 is
375 3055 402 3096 to
419 3043 462 3094 the
479 3043 558 3095 battle
576 3043 606 3093 ol
619 3043 844 3110 Admngetobriga‚
924 3049 1093 3107 convictam,
1134 3046 1259 3113 ‘brought
1300 3047 1392 3099 home!

344 3124 384 3174 31,
398 3114 410 3169 5
426 3123 463 3159 12.
891 3108 947 3160 The
964 3112 1131 3161 construction
1142 3114 1302 3164 ‘convincere
1316 3115 1392 3164 alicui

377 3181 390 3238 5
411 3190 436 3240 9.
452 3188 735 3232 sperus..‚.noese:
755 3189 780 3238 3,
797 3176 844 3235 58
891 3173 1036 3240 aliquid‘is
1051 3176 1154 3240 implied
1171 3178 1258 3240 hythe
1273 3189 1393 3230 context:

345 3236 561 3309 ‘possesperant'
890 3241 936 3290 but
957 3241 1053 3290 suche
1076 3244 1243 3295 oomuuctiou
1264 3245 1326 3296 does
1347 3254 1393 3296 not

377 3312 391 3366 5
411 3321 447 3357 in
465 3308 524 3363 Qui
540 3319 625 3355 suum
641 3307 781 3365 timorem,
797 3308 844 3355 ho.
891 3305 1000 3370 amelly
1011 3322 1094 3357 occur.

345 3375 397 3424 ‘As
415 3372 455 3423 ior
470 3372 541 3421 those
558 3370 616 3420 who
639 3370 773 3435 pretended
789 3370 845 3421 thnt
925 3374 987 3434 513.
999 3374 1200 3423 lnuooeutienu.
1219 3374 1393 3428 ‘Innocentis'

343 3439 409 3489 their
423 3438 486 3488 leurs
496 3452 561 3487 were
576 3437 654 3487 about
667 3434 844 3501 supplicum
890 3450 942 3485 was
958 3451 1005 3486 oue
1021 3437 1050 3486 oi
1067 3437 1110 3487 the
1126 3438 1218 3489 vinues
1235 3441 1317 3492 which
1335 3459 1393 3492 cou-

343 3505 386 3555 the
407 3502 547 3553 difficulties
566 3501 653 3551 nithe
670 3500 757 3552 route!
790 3501 844 3552 ‘rei
891 3501 1254 3555 stitutedtheRomanidealoi
1259 3507 1394 3559 character.

344 3569 516 3619 frumentariae
540 3564 738 3617 simulationem'
765 3566 787 3616 is
815 3570 845 3616 ‘a
891 3566 946 3616 The
967 3569 1084 3633 meaning
1105 3568 1135 3619 ot
1149 3570 1169 3618 it
1186 3569 1207 3619 is
1222 3572 1321 3623 evident
1336 3573 1394 3624 here

344 3642 459 3699 pretence
487 3633 563 3683 about
586 3630 710 3698 supplies!
743 3630 846 3697 Strictly
890 3631 956 3682 from
989 3634 1021 3683 its
1053 3634 1128 3701 being
1160 3639 1299 3687 contrasted
1332 3638 1393 3687 with

344 3696 676 3814 eumelio
703 3698 846 3749 ⁰⁰⁰¹⁶¹¹¹²¹‘
891 3698 1393 3818 zrut'nltenuetttt

378 3831 452 3888 5η.
476 3830 595 3879 Leucon
628 3830 716 3880 About
732 3828 799 3879 Toul
819 3829 846 3879 in
892 3832 1161 3896 componeutputsot
1168 3833 1209 3883 the
1220 3833 1393 3883 Romanideul

344 3889 387 3942 the
429 3892 586 3958 department
625 3894 656 3945 oi
686 3894 846 3946 Meurtheet-
892 3910 957 3944 were
986 3895 1069 3958 ‘fides,
1097 3898 1244 3959 concientia,
1275 3899 1391 3962 gradus

344 3955 459 4007 Metelle.
892 3960 1020 4021 industria,
1049 3964 1220 4027 temperantis,
1250 3962 1392 4023 clementia,

376 4025 496 4080 umque.
514 4023 846 4089 Napoleonlllcelenlutee
892 4026 1173 4087 fadbmhumanitus’

344 4085 398 4137 that
409 4087 429 4139 it
440 4102 490 4137 was
500 4104 557 4137 now
568 4090 690 4153 Augu.
917 4093 1100 4142 ,teltottatenu
1133 4092 1205 4144 With
1221 4090 1263 4142 the
1279 4092 1393 4144 Romanu
