3234 5134
218 648 264 698 no
277 643 304 711 1]
455 648 508 701 nn
531 648 1039 701 enzroorrzrrco.nre.1v
1212 657 1269 719 147

191 840 204 877 ο
218 819 316 891 portu
332 809 397 876 leni
411 821 514 879 vento
528 811 706 878 solverunt.
752 812 848 897 Quae
866 831 942 877 cum
963 810 1267 895 appropinquarent
1280 812 1406 879 <nepem

219 913 410 980 Britanniae
445 926 480 983 et
511 936 555 981 ex
590 918 705 982 castris
737 919 934 997 viderentur,
964 926 1057 981 tanta
1086 926 1268 999 tempestas

218 1018 330 1083 subito
348 1031 461 1086 coorta
481 1031 541 1094 est,
557 1030 595 1086 ut
615 1020 707 1085 nulla
727 1041 841 1086 earum
859 1024 991 1087 cursum
1012 1030 1125 1085 tenere
1145 1031 1267 1104 posset,

218 1124 276 1187 sed
296 1124 383 1189 aliae
402 1126 534 1203 eodem,
548 1127 637 1191 unde
658 1135 751 1190 erant
774 1123 950 1210 profectae,
965 1124 1167 1199 reserrentur,
1183 1123 1268 1189 aliae

1280 879 1314 944 by
1324 894 1339 929 n
1350 889 1436 931 storm.

219 1227 262 1291 ad
291 1227 476 1293 inferiorem
507 1239 635 1314 partem
667 1229 802 1308 insulae,
828 1250 913 1313 quae
943 1239 993 1294 est
1023 1229 1160 1315 propius
1189 1231 1267 1295 solis

190 1349 381 1411 aoccasum,
407 1353 531 1417 magno
559 1334 610 1399 sui
640 1353 716 1399 curn
745 1332 892 1419 periculo
921 1334 1146 1410 deicerentur;
1182 1354 1268 1416 quae

219 1443 330 1499 tamen
350 1438 477 1503 ancoris
497 1437 592 1504 iactis
611 1458 687 1504 cum
708 1436 863 1502 fluctibus
883 1436 1135 1520 complerentur,
1152 1458 1266 1502 neces·

218 1538 305 1602 sario
338 1540 476 1606 adversa
505 1552 603 1607 nocte
632 1541 666 1606 in
695 1542 801 1606 altum
832 1552 1010 1626 provectae
1043 1542 1267 1607 continentem

219 1643 393 1726 petierunt.

155 1758 200 1814 20
264 1746 394 1813 Eadem
418 1759 518 1815 nocte
546 1749 677 1829 accidit,
708 1760 744 1815 ut
769 1757 856 1814 esset
881 1750 960 1823 luna
983 1749 1090 1834 plena,
1116 1749 1172 1832 qui
1195 1748 1266 1815 dies
1280 1756 1398 1807 Hisfleet

220 1852 403 1918 maritimos
417 1864 529 1920 aestus
544 1854 709 1919 maximos
732 1855 765 1918 in
781 1854 917 1921 Oceano
937 1854 1065 1918 efficere
1086 1853 1265 1929 consuevit,
1278 1822 1411 2003 byzffffi

191 1957 405 2040 anostrisque
435 1958 470 2023 id
497 1969 567 2023 erat
596 1958 813 2042 incognitum.
871 1959 924 2024 Ita
954 1979 1021 2024 uno
1050 1967 1202 2040 tempore
1232 1967 1265 2023 et
1278 1953 1338 2004 tide

219 2061 335 2145 longas
352 2082 461 2141 naves,
478 2063 599 2146 quibus
621 2062 745 2128 Caesar
767 2065 951 2128 exercitum
974 2061 1266 2146 transportandum

218 2174 392 2231 curaverat
414 2187 562 2251 quasque
585 2166 617 2231 in
643 2166 774 2233 aridum
800 2168 1016 2246 subduxerat,
1039 2177 1150 2231 aestus
1176 2186 1268 2231 com·

220 2269 377 2354 pleverat,
392 2281 426 2335 et
449 2271 624 2348 onerarias,
639 2292 726 2356 quae
748 2273 790 2337 ad
815 2292 952 2337 ancoras
975 2281 1068 2336 erant
1089 2269 1267 2353 deligatae,

219 2382 402 2457 tempestas
432 2374 626 2457 afflictabat,
649 2396 757 2458 neque
787 2376 855 2441 ulla
889 2376 1011 2442 nostris
1039 2375 1178 2440 facultas
1208 2386 1267 2439 aut

190 2478 474 2547 sadministrandi
507 2490 566 2545 aut
601 2480 785 2546 auxiliandi
821 2482 972 2547 dabatur.
1029 2477 1266 2562 Compluribus

219 2584 358 2648 navibus
372 2582 484 2649 fractis
500 2584 645 2668 reliquae
667 2605 742 2649 cum
762 2596 871 2651 essent
894 2584 1035 2662 funibus,
1050 2585 1178 2650 ancoris
1193 2583 1265 2647 reli-

218 2688 359 2770 quisque
387 2689 602 2754 armamentis
631 2688 760 2754 amissis
788 2692 832 2755 ad
870 2689 1095 2772 navigandum
1125 2688 1266 2766 inutiles,

220 2809 349 2875 magna,
372 2791 406 2854 id
430 2793 520 2873 quod
542 2813 677 2859 necesse
698 2802 770 2858 erat
792 2793 952 2870 accidere,
975 2793 1078 2857 totius
1101 2793 1267 2856 exercitus

188 2895 425 2978 tperturbatio
451 2895 539 2961 iacta
565 2907 625 2962 est.
671 2897 792 2981 Neque
819 2898 906 2961 enim
932 2917 1033 2962 naves
1055 2906 1149 2962 erant
1171 2897 1266 2971 aliae,

219 3000 340 3083 quibus
363 3001 524 3084 reportari
556 3010 700 3084 possent,
729 3010 763 3065 et
788 3002 903 3066 omnia
933 3002 1081 3080 deerant,
1107 3021 1205 3094 quae,
1222 3002 1266 3064 ad

218 3103 410 3171 reficiendas
425 3126 527 3171 naves
542 3115 635 3170 erant
653 3107 735 3184 usui,
751 3116 793 3179 et,
809 3106 900 3187 quod
919 3107 1074 3171 omuibus
1092 3106 1267 3170 constabat

218 3208 358 3273 hiemari
382 3209 415 3273 in
442 3208 550 3275 Gallia
576 3218 740 3293 oportere,
765 3208 971 3274 frumentum
995 3210 1047 3273 his
1070 3209 1104 3274 in
1127 3208 1209 3273 locis
1232 3209 1265 3272 in

218 3313 362 3377 hiemem
378 3315 545 3395 provisum
560 3319 722 3379 nouerat.

154 3421 199 3477 80
264 3417 396 3501 Quibus
415 3419 514 3483 rebus
536 3418 676 3500 cognitis
702 3419 868 3504 principes
888 3418 1088 3495 Britanniae,
1111 3416 1167 3499 qui
1188 3428 1263 3500 post
1275 3423 1376 3542 Theona

217 3522 380 3605 proelium
405 3522 449 3585 ad
477 3520 653 3586 Caesarem
680 3531 910 3601 convenerant,
933 3522 1018 3586 inter
1042 3541 1077 3585 se
1101 3502 1329 3600 collocuti,
1256 3507 1419 3622 pmepumero

218 3646 295 3691 cum
322 3626 451 3708 equites
475 3636 509 3691 et
533 3646 633 3691 naves
659 3636 693 3691 et
722 3626 923 3691 frumentum
958 3626 1119 3691 Romanis
1148 3626 1416 3740 deessefflm

217 3730 445 3814 intellegerent
465 3739 500 3794 et
526 3729 728 3811 paucitatem
752 3728 897 3794 militum
920 3749 965 3792 ex
987 3740 1168 3795 castrorum
1192 3731 1264 3793 exi·

215 3834 346 3919 gnitate
368 3842 615 3916 cognoscerent,
631 3854 717 3917 quae
737 3833 802 3898 hoc
826 3843 919 3897 erant
941 3833 1043 3898 etiam
1062 3834 1264 3916 angustiora,

251 4022 716 4107 §amoenosnioumnerioulq
765 4023 884 4085 v.19,§
909 4035 922 4070 a
947 4022 1132 4106 ‘inagnpcum
1154 4022 1265 4087 periculo

217 4091 260 4138 ‘nt
275 4095 345 4154 great
361 4088 412 4137 rirk
429 4093 457 4136 to
473 4082 635 4137 themselves'
668 4085 716 4181 Cp.
763 4094 902 4136 nostrornm
914 4083 1040 4151 equitum’

217 4167 257 4218 31,
269 4152 715 4213 §1‘exeverrunrviumrnnrnmz

711 4249 769 4303 1.2
