3234 5134
172 624 218 671 00.
232 616 262 685 4]
404 620 456 670 DE
479 619 602 672 BELLO
627 620 794 673 GALLICO.
846 620 915 672 ΗΒ.
945 621 998 671 VII
1161 610 1222 688 ²89

108 793 151 850 ts
216 783 289 847 Iam
309 782 431 848 Caesar
448 805 470 848 a
485 783 650 867 Gergovia
670 784 857 849 discessisse
877 783 1081 860 audiebatur,
1096 781 1161 847 iam
1177 783 1221 848 de
1234 785 1359 863 labienus

170 886 368 951 Aeduorum
388 886 572 953 desectione
592 897 626 951 et
644 889 790 952 secundo
807 886 936 952 Galliae
957 896 1052 952 motu
1072 906 1220 950 rumores
1233 852 1370 968 {nfflm‘

171 989 401 1067 afferebantur,
418 990 572 1074 Gallique
587 993 621 1055 in
638 990 812 1074 colloquiis
828 991 1040 1056 interclusum
1057 992 1173 1056 itinere
1187 1000 1221 1056 et
1233 983 1382 1035 diffimlties.

173 1096 284 1178 Ligeri
301 1093 479 1161 Caesarem
495 1096 608 1178 inopia
624 1094 779 1159 frumenti
794 1105 948 1160 coactum
970 1096 1002 1158 in
1019 1095 1220 1178 provinciam

143 1201 381 1264 2contendisse
406 1198 656 1264 confirmabant.
702 1197 868 1263 Bellovaci
898 1210 1010 1263 autem
1036 1198 1223 1264 desectione

170 1303 368 1368 Aeduorum
385 1302 527 1387 cognita,
538 1303 594 1385 qui
609 1312 687 1366 ante
700 1313 795 1368 erant
809 1323 869 1386 per
884 1323 920 1366 se
936 1300 1094 1379 infideles,
1105 1322 1221 1368 manus

142 1424 292 1491 acogere
321 1416 422 1489 atque
452 1417 567 1489 aperte
596 1405 719 1470 bellum
750 1427 866 1489 parare
895 1415 1083 1489 coeperunt.
1133 1407 1220 1471 Tum

173 1512 341 1576 Labienus
369 1521 465 1575 tanta
495 1531 601 1574 rerum
626 1510 890 1575 commutatione
915 1511 1015 1593 longe
1041 1509 1129 1574 alind
1159 1510 1222 1575 sibi

172 1615 371 1697 capiendum
395 1613 578 1693 consilium,
594 1625 695 1697 atque
717 1625 817 1679 antea
838 1621 994 1689 senserat,
1008 1613 1222 1697 intellegebat

174 1739 281 1801 neque
296 1719 371 1796 iam,
386 1728 423 1783 ut
441 1718 563 1802 aliquid
578 1719 762 1802 acquireret
776 1717 968 1801 proelioque
986 1717 1099 1782 hostes
1119 1716 1222 1782 laces-

172 1834 267 1902 seret,
283 1823 342 1887 sed
357 1832 395 1887 ut
410 1822 608 1889 incolumem
624 1823 805 1887 exercitum
815 1822 1026 1904 Agedincum
1042 1822 1222 1898 reduceret,

140 1926 353 2011 rcogitabat.
408 1927 563 2011 Namque
592 1926 695 1992 altera
728 1947 773 1990 ex
807 1936 902 2009 parte
932 1925 1107 2000 Bellovaci,
1137 1947 1224 2009 quae

172 2033 289 2098 civitas
304 2032 338 2096 in
354 2030 464 2095 Gallia
485 2031 667 2095 maximam
687 2032 790 2096 habet
811 2031 1003 2114 opinionem
1019 2031 1158 2104 virtutis,
1173 2030 1222 2094 in·

172 2138 314 2210 stabant,
341 2135 479 2200 alteram
510 2133 754 2219 Camulogenus
782 2145 901 2219 parato
930 2146 1032 2219 atque
1061 2136 1222 2201 instructo

174 2240 323 2304 exercitu
346 2241 502 2317 tenebat;
533 2249 605 2303 tum
628 2239 774 2322 legiones
797 2258 818 2301 a
845 2239 1008 2321 praesidio
1032 2250 1135 2321 atque
1159 2239 1222 2303 im·

172 2342 372 2425 pedimentis
413 2343 606 2410 interclusas
647 2344 833 2407 maximum
873 2342 997 2406 flumen
1035 2342 1222 2408 distinebat.

144 2447 293 2512 srantrs
321 2448 431 2512 subito
458 2448 708 2514 difficultatibus
734 2446 873 2512 obiectis
902 2447 945 2511 ab
975 2447 1076 2511 animi
1102 2447 1222 2512 virtute

173 2550 333 2614 auxilium
349 2554 528 2634 petendum
546 2552 690 2617 videbat.

109 2660 155 2713 σο
217 2653 288 2720 Sub
311 2675 485 2737 vesperum
511 2655 647 2719 consilio
673 2665 855 2722 convocato
881 2655 1081 2733 cohortatus,
1103 2665 1140 2719 ut
1165 2674 1215 2731 ea,
1234 2662 1284 2713 Hb

173 2780 259 2842 quae
281 2760 483 2841 imperasset,
497 2750 673 2841 diligenter
694 2760 918 2843 industrieque
938 2760 1216 2834 administrarent,
1228 2743 1329 2780 mm

173 2884 282 2939 naves,
314 2883 397 2946 quas
427 2861 614 2927 Metiosedo
651 2864 844 2941 deduxerat,
873 2863 1018 2949 singulas
1054 2863 1219 2946 equitibus

175 2968 335 3031 Romanis
365 2967 515 3032 attribuit
543 2977 578 3032 et
608 2968 713 3049 prima
743 2967 894 3033 coniecta
923 2967 1035 3051 vigilia
1064 2978 1221 3052 quattuor

174 3071 265 3136 milia
280 3091 437 3156 passuum
453 3072 598 3135 secundo
608 3070 744 3136 flumine
755 3071 885 3137 silentio
898 3073 1050 3157 progredi
1062 3073 1174 3154 ibique
1185 3092 1221 3135 se

146 3185 368 3260 rexspectare
390 3175 489 3239 iubet.
532 3174 687 3259 Quinque
712 3176 873 3249 cohortes,
898 3197 981 3259 quas
1007 3176 1141 3239 minime
1164 3173 1221 3237 fir-

174 3300 246 3343 mas
270 3280 313 3344 ad
335 3280 559 3344 dimicandum
584 3300 655 3343 esse
681 3279 904 3359 existimabat,
922 3280 1038 3343 castris
1058 3278 1221 3361 praesidio

1330 2744 1391 2779 vm.

145 3384 349 3466 3relinquit;
385 3383 531 3467 quinque
561 3383 706 3447 eiusdem
738 3383 879 3467 legionis
909 3383 1049 3465 reliquas
1078 3383 1121 3446 de
1152 3402 1220 3446 me-

174 3488 227 3551 dia
251 3498 347 3553 nocte
372 3507 448 3551 cum
477 3488 630 3552 omnibus
656 3487 900 3570 impedimentis
922 3488 1061 3551 adverso
1087 3484 1221 3550 flumine

144 3610 162 3659 4
175 3612 296 3675 magno
318 3589 462 3656 tumultu
478 3590 639 3674 proficisci
660 3592 811 3674 imperat.
857 3589 1028 3674 Conquirit
1042 3591 1142 3653 etiam
1157 3589 1221 3653 lin·

173 3705 260 3773 tres3
285 3694 345 3760 has
368 3714 490 3778 magno
512 3695 622 3759 sonitu
650 3714 814 3759 remorum
842 3694 995 3758 incitatas
1021 3694 1054 3757 in
1080 3693 1220 3757 eandem

173 3809 302 3884 partem
332 3799 444 3863 mittit.
491 3798 567 3881 Ipse
589 3808 665 3881 post
695 3799 796 3883 paulo
818 3798 948 3862 silentio
972 3817 1122 3880 egressus
1144 3818 1219 3862 cum

206 4000 253 4046 ⁶9.
266 3998 279 4055 ἱ
294 4008 315 4044 1.
333 3996 520 4045 interdum
531 3996 634 4043 itinere
644 3999 674 4042 at
724 3992 753 4042 oi
761 3991 873 4044 Caenis
883 3992 1007 4060 supposed
1018 3992 1112 4044 march.

173 4064 279 4120 Ialoeert
313 4060 360 4126 Cp.
377 4074 416 4124 55,
433 4063 488 4124 §p
522 4059 577 4108 The
592 4059 675 4109 words
757 4063 804 4110 60.
830 4064 842 4119 ἱ
867 4074 890 4123 3.
916 4062 1057 4117 proficisci
1090 4061 1220 4118 impar-ar.

176 4130 213 4177 ‘et
220 4123 399 4192 Ligeri’define
405 4126 447 4176 the
453 4124 546 4190 precise
553 4125 674 4176 direction
723 4140 746 4175 v.
760 4133 783 4189 7,
797 4129 810 4185 ς
822 4123 839 4175 6
849 4124 1003 4191 ‘retrahique
1014 4123 1135 4190 imperut'

217 4208 260 4255 *ss
688 4223 714 4275 U
