3234 5134
405 629 469 708 276
753 637 781 689 e
807 637 904 689 ruer!
926 635 1113 689 caesaris
1358 635 1461 703 [mr-
1578 632 1579 639 ‘

409 803 589 886 fratresque
604 800 675 866 eius
689 800 733 864 ad
750 798 928 866 Caesarem
942 810 1196 885 praecurrerent
1236 797 1379 882 Reliqua
1394 816 1461 881 qua

409 907 539 973 ratione
552 905 607 989 agi
623 903 761 989 placeat,
777 906 991 971 constituunt.

242 1022 317 1073 Trick
456 1010 642 1073 Litaviccus
663 1018 801 1092 accepto
825 1008 983 1083 exercitu,
1005 1028 1081 1072 cum
1103 1006 1195 1072 milia
1216 1025 1375 1090 passuum
1398 1006 1510 1073 eir-ss

242 1086 382 1204 ffissffi}
412 1113 495 1178 citer
515 1126 594 1177 xxx
617 1113 661 1179 ab
685 1113 849 1197 Gergovia
868 1113 1010 1190 abesset,
1025 1112 1215 1178 convocatis
1236 1111 1350 1176 subito
1374 1110 1459 1174 mili-

242 1236 274 1268 011
286 1220 329 1268 tue
413 1217 502 1281 tibus
533 1216 715 1291 lacrimans,
746 1225 834 1300 ‘quo
864 1213 1122 1300 proficiscimur,’
1151 1216 1266 1299 inquit,
1294 1214 1485 1279 ‘militesrr

243 1301 319 1347 'my’
413 1319 532 1385 Omnis
555 1332 667 1386 noster
688 1320 864 1405 equitatus,
887 1320 996 1386 omnis
1019 1320 1175 1385 nobilitas
1196 1319 1340 1393 interiit;
1370 1320 1460 1402 prin·

411 1425 501 1508 cipes
534 1425 686 1503 civitatis,
712 1424 924 1508 Eporedorix
958 1435 993 1489 et
1020 1424 1256 1500 Viridomarus,
1280 1422 1461 1487 insimulati

413 1528 609 1612 proditionis
634 1529 677 1595 ab
708 1529 869 1593 Romanis
894 1529 1022 1594 indicta
1052 1547 1152 1592 causa
1182 1526 1343 1591 interfecti
1373 1536 1461 1591 sunt

414 1632 509 1698 Haec
530 1634 574 1697 ab
597 1634 676 1717 ipsis
698 1631 897 1715 cognoscite,
920 1632 976 1715 qui
999 1652 1044 1697 ex
1066 1632 1140 1714 ipsa
1162 1633 1263 1696 caede
1285 1631 1487 1713 sugerunt33

412 1758 488 1802 nam
505 1756 570 1819 ego
584 1736 738 1802 fratribus
752 1746 854 1820 atque
873 1736 1027 1801 omnibus
1047 1736 1128 1800 meis
1149 1735 1341 1818 propinquis
1363 1735 1461 1799 inter·

413 1840 506 1907 lectis
534 1840 648 1906 dolore
672 1839 859 1923 prohibeor,
884 1859 970 1923 quae
994 1849 1090 1923 gesta
1119 1848 1197 1903 sunt
1226 1835 1461 1923 pronuntiare’

414 1944 644 2009 Producuntur
674 1944 705 2023 ii,
735 1963 821 2026 quos
851 1941 906 2007 ille
935 1943 1111 2007 edocuerat
1141 1962 1228 2026 quae
1256 1942 1321 2007 dici
1351 1941 1489 2020 velletr

412 2059 513 2131 atque
541 2048 669 2126 eadem,
698 2067 784 2130 quae
815 2046 1004 2111 Litaviccus
1042 2048 1320 2128 pronuntiaverat,
1352 2046 1460 2109 multi·

412 2152 520 2217 tudini
544 2160 739 2235 exponunt:
772 2150 917 2233 ‘equites
939 2160 974 2214 et
996 2150 1119 2215 multos
1141 2149 1338 2216 Aeduorum
1362 2150 1486 2219 inter-s

412 2254 525 2331 lectos,
539 2255 629 2337 quod
645 2254 800 2320 collocuti
819 2274 895 2319 cum
910 2251 1069 2318 Arvernis
1088 2255 1274 2319 dicerentur
1287 2279 1296 2331 3
1320 2254 1413 2335 ipsos
1425 2274 1460 2317 se

412 2358 498 2423 inter
519 2358 764 2423 multitudinem
787 2358 930 2422 militum
956 2358 1138 2423 occultasse
1158 2365 1259 2441 atque
1284 2377 1329 2420 ex
1353 2357 1460 2420 media

413 2463 514 2528 caede
528 2461 665 2547 fugisse!
711 2460 929 2526 Conclamant
951 2461 1063 2526 Aedui
1081 2471 1116 2526 et
1138 2460 1344 2526 Litaviccum
1366 2460 1487 2525 obses

413 2574 515 2641 crant,
530 2576 566 2631 ut
582 2566 643 2631 sibi
658 2565 819 2631 consulat
864 2564 989 2649 ‘Quasi
1002 2565 1100 2639 vero,'
1116 2565 1224 2648 inquit
1239 2564 1303 2642 ille,
1317 2564 1486 2637 ‘consiliir

413 2671 456 2735 sit
477 2691 537 2748 res,
551 2691 590 2737 ac
612 2690 679 2735 non
703 2690 838 2736 necesse
859 2670 903 2735 sit
924 2669 1021 2734 nobis
1036 2667 1236 2753 Gergoviam
1259 2671 1460 2733 contendere

413 2784 546 2838 etcum
571 2773 731 2839 Arvernis
755 2784 886 2838 nosmet
912 2773 1120 2856 coniungere.
1172 2772 1232 2837 An
1259 2772 1488 2845 dubitamuss

414 2877 495 2959 quin
513 2877 635 2943 nefario
650 2877 794 2942 facinore
808 2877 954 2942 admisso
973 2877 1120 2942 Romani
1138 2876 1204 2940 iam
1219 2875 1262 2940 ad
1277 2897 1339 2940 nos
1362 2876 1460 2941 inter·

415 2978 572 3044 ficiendos
595 2985 813 3045 concurrant?
860 2981 1012 3053 Proinde,
1033 2981 1061 3044 si
1083 2980 1162 3064 quid
1184 2979 1218 3043 in
1240 2980 1336 3043 nobis
1358 2979 1459 3043 animi

414 3091 474 3158 est,
490 3102 725 3166 persequamur
739 3103 853 3147 eorum
877 3094 1028 3157 mortem,
1043 3084 1100 3167 qui
1121 3083 1348 3166 indignissime
1363 3084 1459 3147 inter·

415 3187 532 3265 ierunt,
547 3197 648 3270 atque
663 3186 724 3250 hos
745 3186 891 3252 latrones
905 3183 1157 3252 interficiamus‘
1202 3186 1359 3252 Ostendit
1374 3187 1487 3262 cives9

416 3292 597 3369 Romanos,
611 3291 668 3373 qui
688 3291 757 3355 eius
775 3291 926 3375 praesidii
947 3290 1068 3355 fiducia
1084 3312 1151 3356 una
1168 3300 1262 3356 erant
1272 3312 1280 3370 ;
1303 3310 1460 3375 magnum

417 3414 588 3460 numerum
604 3394 760 3459 frumeuti
771 3404 1041 3478 commeatusque
1051 3394 1174 3478 diripit,
1186 3394 1277 3477 ipsos
1287 3394 1462 3460 crudeliter

417 3498 624 3563 excmciatos
645 3497 807 3564 interficit
852 3497 884 3562 N
887 3498 997 3562 untios
1019 3507 1093 3563 tota
1114 3498 1247 3562 civitate
1267 3497 1461 3563 Aeduorum
1474 3524 1501 3560 ιο

417 3601 565 3681 dimittit
577 3602 697 3666 eodem
713 3601 887 3668 mendacio
901 3602 944 3667 de
958 3603 1061 3666 caede
1072 3601 1220 3686 equitum
1233 3610 1267 3666 et
1278 3601 1460 3686 principum

451 3859 549 3918 8852.
565 3861 769 3909 Viridomarus„
786 3858 916 3909 Thesame
998 3857 1137 3909 ‘Cleudlus
1153 3874 1170 3908 a
1186 3857 1274 3909 Rheno
1295 3857 1412 3910 traiemos
1426 3874 1461 3910 sn

419 3922 836 3976 nameasthstolthechiestslu
851 3924 916 3975 siaiu
1062 3922 1223 3981 cuithoater,

419 3988 453 4051 by
464 3987 502 4038 M.
514 3988 634 4043 Claudius
647 3990 788 4050 Marcellus,
800 3990 871 4040 when
884 3988 917 4039 he
1031 3987 1133 4053 Belgica
1142 4004 1200 4041 cum
1210 3989 1274 4042 vesu
1285 4004 1373 4056 parm
1386 3990 1462 4041 relata

420 4068 477 4102 von
487 4050 530 4103 the
542 4053 640 4118 ‘spolia
650 4053 749 4120 opime'
761 4056 786 4105 iu
798 4067 916 4107 scara.
1063 4053 1134 4105 duem

419 4118 568 4183 Propertius,
579 4134 603 4170 v.
614 4131 653 4182 ιο,
665 4132 780 4186 39-41-
1014 4118 1172 4175 vudmart’
