3234 5134
228 625 271 673 10.
284 620 311 687 a]
471 620 524 672 DE
546 621 669 673 BELLO
695 621 862 674 GALLICO.
913 622 984 674 LIB.
1014 623 1040 672 V
1223 631 1280 694 173

199 794 263 851 4et
288 782 416 848 labrum
445 786 605 870 superius.
651 785 785 852 Uxores
811 784 939 852 habent
963 788 1040 852 deni
1065 787 1277 871 duodenique

230 889 314 952 inter
343 908 380 953 se
405 908 597 955 communes
623 899 658 954 et
688 891 837 955 maxime
868 889 985 956 fratres
1015 912 1091 958 cum
1121 891 1276 958 fratribus

201 1002 450 1076 sparentesque
480 1014 556 1059 cum
589 993 718 1073 liberis3
756 995 815 1059 sed
846 994 903 1077 qui
933 1004 1011 1059 sunt
1040 1015 1085 1060 ex
1114 996 1167 1061 his
1195 999 1276 1070 nati,

230 1117 344 1161 eorum
374 1097 538 1163 habentur
574 1096 678 1176 liberi,
707 1119 775 1182 quo
813 1099 955 1182 primunr
992 1101 1086 1184 virgo
1122 1121 1276 1184 quaeque

228 1203 372 1268 deducta
394 1212 454 1266 est.

175 1315 215 1370 lo
273 1305 412 1389 Equites
427 1306 573 1371 bostium
589 1307 809 1390 essedariique
825 1307 943 1373 acriter
958 1309 1083 1390 proelio
1095 1329 1170 1374 cum
1183 1309 1274 1393 equi·
1289 1320 1355 1371 Firn
1365 1319 1435 1386 day's

228 1419 301 1474 tatu
331 1420 444 1476 nostro
473 1410 507 1475 in
536 1411 654 1474 itinere
683 1410 914 1487 conflixerunt,
947 1421 1059 1477 tamen
1097 1425 1134 1487 ut
1170 1414 1274 1480 nostri
1287 1385 1403 1503 &iffi

229 1516 383 1581 omnibus
406 1516 555 1598 partibus
577 1515 762 1600 superiores
784 1515 905 1580 fuerint
928 1525 1029 1599 atque
1046 1536 1104 1581 eos
1121 1518 1155 1581 in
1176 1517 1275 1584 silvas
1288 1517 1394 1568 Britonc

201 1648 214 1683 2
228 1619 395 1703 collesque
409 1619 628 1703 compulerint
640 1642 648 1698 ;
671 1620 731 1685 sed
745 1619 972 1703 compluribus
989 1620 1169 1686 interfectis
1183 1624 1275 1705 cupi·

201 1752 215 1801 3
229 1724 304 1789 dius
319 1725 457 1789 insecuti
472 1722 646 1788 nonnullos
661 1745 705 1787 ex
726 1724 794 1789 suis
807 1723 1001 1789 amiserunt.
1043 1723 1094 1789 At
1115 1724 1162 1789 illi
1178 1726 1276 1792 inter-

230 1828 330 1893 misso
352 1829 461 1913 spatio
485 1828 751 1910 imprudentibus
773 1828 893 1893 nostris
922 1838 1024 1911 atque
1046 1830 1216 1911 occupatis
1242 1830 1275 1894 in

230 1933 412 1997 munitione
456 1943 638 1998 castrorum
676 1932 787 1996 subito
824 1952 861 1995 se
897 1950 942 1995 ex
979 1932 1069 1997 silvis
1107 1933 1274 1997 eiecerunt

229 2038 421 2120 impetuque
435 2036 469 2101 in
485 2057 541 2102 eos
561 2036 661 2112 iacto,
675 2037 732 2119 qui
750 2045 843 2100 erant
859 2035 893 2098 in
913 2036 1058 2101 statione
1078 2055 1140 2119 pro
1160 2037 1275 2102 castris

198 2170 215 2220 4
228 2141 389 2220 collocati,
405 2142 522 2206 acriter
534 2150 772 2225 pugnaverunt,
787 2140 983 2223 duabusque
1003 2141 1110 2205 missis
1127 2140 1275 2205 subsidio

227 2245 419 2312 cohortibus
432 2267 453 2310 a
470 2243 612 2311 Caesare
626 2254 727 2328 atque
741 2243 794 2309 his
809 2243 925 2327 primis
938 2242 1106 2327 legionum
1123 2245 1275 2319 duarum,

227 2371 303 2416 cum
321 2351 385 2415 hae
403 2351 586 2435 perexiguo
606 2349 793 2414 intermisso
815 2348 878 2414 loci
901 2349 1009 2431 spatio
1028 2349 1115 2414 inter
1136 2369 1173 2414 se
1195 2369 1274 2414 con·

226 2455 397 2532 stitissent,
424 2475 512 2519 novo
541 2473 662 2537 genere
692 2473 824 2538 pugnae
853 2453 1034 2535 perterritis
1064 2454 1184 2518 nostris
1215 2474 1274 2537 per

228 2558 356 2623 medios
381 2559 599 2623 audacissime
623 2566 840 2640 perruperunt
860 2576 962 2639 seque
987 2556 1066 2620 inde
1092 2556 1274 2622 incolumes

198 2672 430 2746 sreceperunt
475 2662 528 2727 Eo
546 2663 601 2727 die
623 2661 770 2745 Quintus
793 2659 955 2725 Laberius
979 2659 1101 2739 Durus,
1122 2662 1273 2727 tribunus

228 2767 380 2842 miiitum,
396 2764 597 2830 interficitur.
642 2764 695 2828 Iili
715 2764 865 2848 pluribus
885 2765 1056 2830 submissis
1079 2765 1273 2831 cohortibus

227 2870 438 2955 repelluntur.

173 2994 212 3048 lo
269 2978 359 3042 Toto
380 2976 445 3040 hoc
467 2976 501 3040 in
522 2993 643 3060 genere
666 2994 806 3058 pugnae,
820 2993 897 3039 cum
920 2972 982 3039 sub
1000 2972 1103 3040 oculis
1123 2973 1271 3039 omnium
1284 2977 1396 3057 emers-

225 3101 263 3146 ac
280 3102 340 3164 pro
352 3080 467 3147 castris
477 3080 694 3158 dimicaretur,
707 3077 912 3144 intellectum
924 3089 974 3144 est
987 3089 1119 3144 nostros
1131 3089 1268 3161 propter
1283 3044 1413 3162 Q?

225 3186 423 3270 gravitatem
438 3203 615 3263 armorum,
630 3185 721 3267 quod
741 3204 849 3266 neque
872 3184 1001 3267 insequi
1016 3184 1174 3249 cedentes
1195 3204 1271 3265 pos-

224 3301 300 3356 sent
326 3310 433 3374 neque
457 3291 500 3354 ab
523 3290 625 3375 signis
649 3290 819 3356 discedere
848 3292 1018 3364 auderent,
1046 3290 1153 3353 minus
1175 3298 1273 3370 aptos

198 3422 211 3458 ι
225 3415 297 3461 esse
312 3394 355 3460 ad
370 3395 467 3459 huius
482 3394 611 3478 generis
626 3394 771 3472 hostem3
787 3395 915 3477 equites
926 3402 1039 3459 autem
1056 3411 1180 3474 magno
1195 3411 1270 3456 cum

225 3499 371 3585 periculo
395 3497 521 3583 proelio
538 3499 704 3576 dimicare,
720 3509 878 3582 proptera
900 3499 991 3582 quod
1008 3497 1054 3561 iili
1077 3496 1178 3561 etiam
1195 3516 1272 3560 con-

257 3729 306 3788 55.
324 3738 389 3784 qno,
406 3726 414 3751 ⁴
423 3730 452 3772 to
469 3718 569 3771 wbonn’
610 3719 724 3770 Adverbn
805 3722 847 3769 lb.
864 3722 909 3831 ‘d'
922 3719 1174 3776 atquehianrinie.
1191 3718 1271 3785 Vege-

224 3791 253 3841 οί
260 3790 333 3856 piace
343 3805 384 3839 are
396 3788 538 3839 sometimes
553 3786 612 3835 thus
625 3785 686 3835 used
697 3785 728 3834 oi
772 3783 828 3844 tius,
841 3783 867 3833 ii.
908 3782 971 3833 ‘Sed
980 3783 1061 3847 primu
1069 3783 1158 3833 cohors
1166 3784 1271 3851 reliquus

223 3871 334 3922 persone
367 3855 431 3904 This
441 3854 463 3902 is
473 3851 607 3917 especially
613 3852 656 3901 the
666 3865 723 3901 case
772 3856 798 3898 et
807 3863 911 3898 nurnero
919 3847 1027 3898 militum
1038 3856 1063 3898 et
1073 3848 1193 3913 dignitate
1200 3866 1270 3917 prae·

222 3923 284 3972 with
307 3917 418 3977 ‘unde';
443 3916 532 3968 ‘hinc’
554 3916 608 3967 niso
634 3916 656 3965 is
677 3916 723 3966 ire·
772 3913 853 3964 cedit·
886 3913 917 3964 In
935 3910 1062 3978 Vegetius'
1079 3929 1135 3964 own
1151 3916 1212 3967 time
1228 3917 1270 3968 the

241 3983 617 4052 uentiythususedby'i'erenoe
633 3981 722 4031 Cicero
772 3978 825 4029 first
835 3979 923 4031 cohort
934 3980 1067 4030 contained
1080 3993 1151 4045 1,1o5
1163 3982 1270 4045 insnutry

222 4003 722 4133 iProQuinctioiustu‘neque...
771 4045 822 4094 md
849 4059 893 4108 13²
924 4045 1040 4134 usvairp,
1063 4045 1084 4097 it
1108 4063 1160 4098 was
1188 4046 1269 4100 called

222 4129 318 4185 praeter
328 4128 353 4170 te
364 4119 494 4185 quitquam
504 4114 558 4174 ruit,
570 4113 622 4173 ubi,
642 4115 691 4164 dte.
773 4111 877 4162 ‘cohors
888 4111 1003 4162 miliaria.
