3234 5134
364 587 406 666 84
709 595 736 648 c.
765 597 859 648 wan
883 596 1070 649 cassans
1314 596 1368 661 [ιο.
1382 597 1415 646 a·

366 761 495 826 Eadem
510 770 622 825 autern
647 761 816 826 celeritate
837 761 977 825 adverso
999 760 1083 824 colle
1105 760 1149 824 ad
1171 769 1284 824 nostra
1306 770 1442 825 castras

364 877 465 947 atque
483 885 549 943 eos,
565 865 621 946 qui
638 864 671 927 in
687 886 788 948 opere
803 865 958 949 occupati
975 873 1077 942 erant,
1092 866 1345 930 contenderunt.

408 968 543 1034 Caesari
565 968 678 1033 omnia
701 989 767 1033 uno
791 979 942 1054 tempore
966 980 1059 1034 erant
1081 969 1231 1052 agenda:
1253 968 1412 1033 vexillum
1430 971 1475 1028 20

363 1074 616 1156 proponendum
633 1069 739 1161 [quod
756 1083 827 1138 erat
842 1074 981 1156 insigne,
996 1092 1072 1137 curn
1091 1074 1134 1137 ad
1155 1093 1247 1136 arma
1263 1074 1411 1137 concurri

362 1172 555 1264 oporteret]‚
581 1178 713 1260 signum
740 1180 822 1243 tuba
851 1179 1009 1255 dandum,
1034 1176 1078 1242 ab
1108 1196 1207 1261 opere
1236 1179 1413 1243 revocandi

363 1280 496 1360 milites,
522 1282 580 1363 qui
610 1283 711 1366 paulo
738 1281 869 1364 longius
892 1282 1023 1366 aggeris
1049 1281 1181 1365 petendi
1208 1301 1307 1345 causa
1337 1302 1413 1364 pro·

363 1395 528 1450 cesserant
543 1387 740 1463 arcessendi,
750 1387 838 1450 acies
854 1386 1055 1462 instruenda,
1068 1385 1191 1450 milites
1206 1383 1412 1460 cohortandi,

362 1489 494 1572 signum
510 1489 668 1554 dandum.
714 1487 863 1572 Quarum
885 1510 994 1554 rerurn
1010 1476 1164 1571 magnam
1185 1499 1312 1570 partem
1328 1500 1440 1554 tem-2

363 1592 452 1676 poris
477 1591 620 1656 brevitas
646 1601 680 1657 et
709 1613 878 1658 successus
907 1591 1055 1658 hostium
1086 1592 1300 1674 impediebat.
1348 1593 1441 1665 Hisa

362 1695 614 1761 difficultatibus
643 1697 729 1761 duae
759 1718 811 1761 res
841 1707 934 1762 erant
960 1696 1120 1773 subsidio,
1144 1697 1282 1760 scientia
1310 1709 1412 1780 atque

364 1820 442 1864 usus
457 1799 610 1875 militum,
625 1802 716 1882 quod
735 1800 960 1883 superioribus
982 1799 1114 1881 proeliis
1130 1800 1314 1878 exercitati,
1329 1803 1411 1883 quid

364 1902 433 1968 fieri
445 1912 621 1988 oporteret,
633 1924 699 1968 non
713 1903 821 1968 minus
833 1904 1008 1968 commode
1022 1903 1083 1986 ipsi
1099 1903 1163 1966 sibi
1180 1905 1411 1985 praescribere,

363 2027 464 2089 quarn
488 2007 532 2070 ab
556 2006 630 2071 aliis
653 2007 763 2071 doceri
789 2016 953 2089 poterant,
979 2015 1013 2070 et
1037 2008 1127 2088 quod
1152 2006 1196 2069 ab
1222 2026 1322 2088 opere
1346 2008 1409 2071 sin·
1443 2048 1445 2052 -

362 2112 515 2194 gulisque
526 2110 712 2194 legionibus
728 2111 877 2195 singulos
892 2111 1019 2195 legatos
1031 2109 1154 2175 Caesar
1165 2111 1332 2174 discedere
1347 2112 1409 2174 nisi

363 2216 500 2280 munitis
534 2215 650 2279 castris
679 2224 840 2279 vetuerat.
887 2214 934 2278 Hi
964 2224 1101 2298 propter
1124 2214 1439 2297 propinquitatem

362 2330 396 2385 et
410 2318 614 2384 celeritatem
629 2318 775 2383 hostiurn
792 2318 873 2381 nihil
894 2318 960 2382 iarn
982 2317 1132 2382 Caesaris
1153 2318 1327 2400 imperium
1348 2337 1408 2381 ex·

362 2424 567 2508 spectabant,
582 2423 640 2486 sed
657 2442 715 2505 per
729 2443 773 2500 se,
789 2442 876 2505 quae
890 2423 1098 2496 videbantur,
1114 2421 1397 2486 administrabant.

408 2525 530 2591 Caesar
557 2527 749 2591 necessariis
782 2525 880 2591 rebus
910 2525 1079 2610 imperatis
1109 2526 1153 2590 ad
1186 2524 1409 2590 cohortandos
1422 2532 1460 2585 21

363 2631 494 2709 milites,
517 2649 618 2712 quam
641 2631 674 2694 in
696 2641 826 2715 partem
852 2630 919 2696 sors
945 2629 1076 2703 obtulit,
1100 2630 1285 2694 decucurrit
1308 2647 1343 2695 et
1366 2632 1409 2695 ad

393 2837 865 2893 20.51.raxlllumproponendum.
910 2834 956 2898 cp.
975 2833 991 2883 i.
1013 2847 1053 2897 52,
1069 2836 1082 2893 5
1099 2834 1214 2920 3‘slgno
1231 2833 1320 2886 dato':
1338 2836 1374 2885 iii.
1386 2853 1410 2901 4,

363 2898 866 2964 Aredflagfloatingoverthegeneral's
911 2904 924 2958 5
945 2912 956 2947 1
980 2900 1068 2964 ‘signo
1095 2899 1155 2948 dato
1178 2915 1186 2959 3
1212 2914 1237 2964 5,
1257 2906 1269 2959 5
1291 2914 1306 2962 3
1334 2902 1410 2951 ‘dato

362 2973 415 3015 tent
426 2980 478 3013 was
489 2965 532 3014 the
542 2965 623 3028 signal
635 2966 674 3014 lor
685 2965 764 3015 battle
772 2981 866 3029 among
908 2961 996 3028 slgno,'
1011 2968 1071 3028 19.5
1085 2977 1098 3012 2
1112 2967 1225 3029 ‘signum
1237 2965 1296 3016 dat)
1328 2966 1410 3017 There

362 3031 406 3081 the
422 3030 539 3080 Romans.
575 3030 691 3080 Plutarch
708 3031 782 3093 (Feb.
794 3031 863 3080 Max.
908 3031 930 3079 is
941 3030 1065 3095 probably
1071 3046 1104 3079 no
1115 3029 1222 3080 allusion
1231 3039 1258 3081 to
1267 3033 1309 3082 the
1316 3038 1409 3081 tessera

366 3098 408 3158 15)
429 3112 484 3159 says
500 3095 529 3143 ol
544 3094 624 3145 Varro
640 3104 666 3145 at
689 3095 864 3154 Cannae-ist
908 3110 937 3144 or
958 3094 1107 3144 watebword
1133 3098 1185 3155 (see
1209 3096 1245 3147 H.
1268 3097 1309 3159 36,
1334 3100 1347 3156 5
1372 3100 1407 3160 5),

362 3159 438 3224 ἡμέρᾳ
448 3158 478 3208 τὸ
490 3161 534 3220 τῆς
547 3159 627 3221 μάχης
643 3162 743 3222 σημεῖον
753 3159 865 3223 ἐξέθηκεν
907 3160 1004 3223 though
1034 3161 1087 3209 that
1116 3168 1160 3210 too
1184 3161 1205 3211 is
1232 3162 1299 3212 often
1327 3162 1409 3213 called

364 3225 464 3290 (tertul
473 3225 549 3288 χιτὼν
556 3225 664 3275 κόκκινος
673 3224 783 3288 ὑπὶρτῆς
790 3242 864 3289 orpu-
909 3224 1038 3289 ‘siguum,’
1051 3240 1072 3275 e.
1080 3242 1104 3289 g.
1125 3225 1186 3276 Tac.
1204 3226 1273 3277 Hist.
1290 3228 1325 3277 iii.
1345 3242 1409 3277 na-

363 3293 464 3355 πηικῆς
491 3291 581 3353 σκηνῆς
602 3291 804 3351 &arrtvdpwom
824 3308 864 3357 cp.
908 3291 1016 3341 ‘crebris
1051 3290 1284 3356 interrogationibus
1320 3303 1408 3344 notum

363 3359 433 3409 Brut.
450 3371 492 3421 40,
512 3357 593 3407 where
613 3355 644 3406 he
661 3357 751 3421 speaks
766 3358 795 3407 ol
805 3356 865 3417 σύμ·
907 3372 1005 3421 pugnae
1016 3356 1131 3419 signum?

362 3428 442 3480 βολον
451 3422 543 3485 ἀγῶνος
553 3422 673 3485 φοινικοῦς
684 3421 768 3485 χιτών.
793 3422 865 3472 With
941 3424 1409 3483 52.auooeu3ua,“‘successus”isthe

363 3490 406 3541 the
423 3495 520 3555 present
540 3503 644 3553 passage
663 3503 703 3553 cp.
722 3489 752 3539 C.
772 3488 807 3538 iit
823 3489 864 3552 89,
906 3486 1034 3552 approach
1050 3487 1079 3537 ol
1090 3487 1133 3536 the
1147 3504 1234 3551 enemy
1246 3506 1280 3554 up
1295 3491 1337 3540 the
1353 3491 1408 3541 hill.

365 3557 379 3614 5
392 3571 415 3619 4,
429 3566 478 3613 ‘se
491 3570 548 3603 cnm
564 3554 590 3602 id
608 3552 660 3604 lieri
677 3553 758 3612 vellet,
770 3552 863 3604 vexillo
908 3556 924 3578 ⁰⁴
932 3551 1087 3602 Succedere’'
1099 3553 1120 3601 is
1131 3552 1244 3604 Caesar’s
1256 3557 1327 3605 usual
1339 3557 1408 3606 word

364 3621 461 3684 signum
473 3621 588 3669 daturum
598 3617 621 3669 ἐ
640 3619 682 3669 ΑΙ.
694 3633 735 3681 45,
749 3625 761 3678 5
775 3632 798 3680 3.
907 3617 932 3666 iu
944 3618 1004 3667 such
1013 3615 1096 3667 cases?
1123 3619 1202 3684 Long.
1225 3620 1273 3685 Cp.
1285 3621 1300 3669 i.
1315 3626 1376 3686 a5‚5
1392 3620 1408 3671 6

396 3689 510 3745 etenum
527 3688 660 3735 dandum.
693 3685 747 3734 The
758 3684 802 3734 red
814 3685 866 3748 tlag
908 3684 1008 3747 ‘Capto
1047 3690 1131 3732 monte
1163 3693 1189 3733 et
1221 3687 1408 3737 succedentibus

364 3750 414 3799 and
424 3750 466 3827 the
482 3751 650 3816 trumpetcall
661 3766 726 3800 were
740 3751 865 3814 premoni·
907 3748 1011 3825 nostrie'
1037 3748 1071 3798 So
1084 3749 1246 3800 ‘subducere'
1258 3752 1288 3800 os
1295 3752 1407 3840 dravring

364 3815 864 3954 haematitatnltrlr
904 3815 1116 3945 telligit
1130 3819 1406 3944 lrlf’l.¹‘2„⁸¹¹l¹¹⁶1.

364 3945 490 3993 ramamed
501 3945 539 3994 lor
551 3946 594 3995 the
605 3947 703 4009 general
715 3955 742 3995 to
753 3947 811 4011 give
822 3946 865 3997 the
908 3955 949 4009 η,
963 3950 975 4005 5
989 3959 1012 4009 5.

364 4009 436 4058 order
445 4016 473 4058 to
483 4024 587 4074 engage,
598 4010 680 4060 which
691 4012 712 4061 is
723 4011 864 4060 mentioned
941 4015 954 4071 5
968 4023 991 4073 3.
1008 4014 1136 4069 ainardo·
1144 4014 1258 4069 legatos.
1283 4011 1300 4060 i.
1308 4025 1347 4075 52,
1360 4017 1373 4073 5
1384 4027 1407 4064 1.

363 4074 390 4126 in
410 4086 449 4134 21,
468 4079 481 4134 5
499 4087 514 4137 3
529 4090 557 4125 aa
575 4077 649 4139 being
666 4077 772 4140 actually
789 4077 861 4126 done.
