3234 5134
343 643 402 705 142
690 633 718 685 c.
744 633 841 685 ruun
862 633 1048 688 cassans
1289 635 1346 701 [aa.
1361 647 1393 683 ι.

341 808 512 876 venerunt,
526 796 582 881 qui
598 816 633 862 se
653 797 696 862 de
715 796 893 880 superioris
913 797 1071 880 temporis
1092 796 1232 863 consilio
1252 812 1392 860 excusa·

343 912 427 983 rent,
444 902 546 985 quod
577 901 728 966 homines
756 902 888 967 barbari
918 912 953 968 et
982 911 1115 967 nostrae
1143 900 1391 966 consuetudinis

342 1006 483 1091 imperiti
498 1004 623 1071 bellum
638 1005 764 1091 populo
779 1005 936 1071 Romano
950 1005 1112 1083 fecissent,
1127 1025 1228 1088 seque
1243 1025 1290 1083 ea,
1305 1024 1391 1087 quae

342 1111 544 1193 imperasset,
582 1110 726 1175 facturos
762 1109 1005 1194 pollicerentur.
1053 1109 1130 1173 Hoc
1167 1108 1231 1174 sibi
1269 1107 1419 1174 Caesarz

342 1215 422 1280 satis
446 1222 633 1298 opportune
662 1214 819 1278 accidisse
848 1214 1036 1288 arbitratus,
1059 1212 1151 1295 quod
1181 1233 1288 1295 neque
1315 1222 1391 1295 post

342 1329 473 1401 tergum
497 1318 627 1385 hostem
654 1316 839 1399 relinquere
863 1316 996 1381 volebat
1019 1337 1126 1400 neque
1150 1316 1227 1387 belli
1253 1317 1390 1400 gerendi

342 1431 479 1506 propter
512 1420 590 1486 anni
625 1432 759 1503 tempus
792 1419 984 1486 facultatem
1014 1421 1162 1486 habebat
1190 1439 1298 1504 neque
1329 1420 1390 1486 has

342 1525 546 1591 tantularum
562 1545 670 1589 rerum
686 1524 921 1607 occupationes
936 1524 1127 1589 Britanniae
1141 1525 1391 1608 anteponendas

345 1630 523 1708 iudicabat,
562 1649 719 1713 magnum
757 1629 796 1693 iis
835 1648 1007 1693 numerum
1045 1628 1201 1695 obsidum
1239 1629 1390 1712 imperat

287 1766 298 1776 ·
345 1733 476 1817 Quibus
496 1733 650 1799 adductis
667 1753 724 1797 eos
746 1734 779 1797 in
799 1731 900 1797 fidem
919 1733 1052 1817 recepit.
1097 1733 1249 1798 Navibus
1266 1733 1421 1799 circiter3

345 1851 450 1902 Lxxx
469 1838 626 1902 onerariis
645 1837 769 1902 coactis
788 1837 1038 1919 constratisque,
1054 1847 1136 1920 quot
1156 1839 1237 1902 satis
1256 1858 1329 1903 esse
1347 1838 1390 1902 ad

344 1943 428 2007 duas
443 1944 713 2025 transportandas
723 1940 869 2024 legiones
880 1942 1105 2020 existimabat,
1116 1942 1206 2024 quod
1223 1953 1392 2025 praeterea

344 2048 477 2111 navium
501 2045 672 2130 longarum
694 2045 851 2126 habebat,
864 2046 1040 2129 quaestori,
1061 2046 1180 2130 legatis
1201 2032 1392 2129 praelec'tis·

342 2170 409 2233 que
431 2151 608 2216 distribuit.
655 2149 733 2214 Huc
755 2151 960 2216 accedebant
976 2163 1071 2214 xvnl
1092 2152 1262 2215 onerariae
1283 2167 1423 2225 naves,4

343 2274 430 2337 quae
454 2274 563 2318 exeo
589 2255 663 2319 loco
687 2275 708 2317 a
732 2253 864 2318 milibus
891 2273 1047 2337 passuum
1072 2264 1151 2319 octo
1176 2264 1278 2319 vento
1302 2264 1392 2319 tene·

343 2359 473 2437 bantur,
493 2378 560 2441 quo
584 2359 693 2423 minus
715 2358 749 2422 in
774 2340 917 2423 eundern
943 2368 1077 2441 portum
1100 2358 1213 2422 venire
1239 2370 1392 2442 possent:

343 2464 404 2528 has
433 2462 598 2544 equitibus
625 2462 802 2528 distribuit.
849 2461 1028 2545 Reliquum
1055 2460 1237 2526 exercitum
1264 2462 1420 2545 Quintus

344 2566 476 2633 Titurio
495 2565 621 2632 Sabino
645 2576 680 2632 et
699 2564 805 2630 Lucio
825 2566 1053 2630 Aurunculeio
1074 2564 1196 2631 Cottae
1219 2565 1337 2648 legatis
1358 2566 1392 2630 in

345 2670 522 2755 Menapios
544 2681 645 2753 atque
667 2670 700 2734 in
724 2690 782 2734 eos
805 2690 910 2753 pagos
929 2670 1145 2749 Morinorum,
1163 2692 1184 2734 a
1205 2670 1326 2752 quibus
1348 2672 1391 2736 ad

345 2795 421 2839 eum
451 2774 552 2856 legati
583 2794 650 2839 non
679 2785 846 2851 venerant,
873 2774 1061 2839 ducendum
1088 2775 1201 2852 dedit;
1237 2774 1421 2840 Publiumo

346 2877 529 2962 Sulpicium
546 2878 671 2942 Rufum
689 2878 837 2963 legatum
852 2898 927 2943 curn
949 2898 990 2942 eo
1010 2878 1183 2962 praesidio,
1199 2879 1290 2961 quod
1311 2880 1391 2943 satis

345 3002 418 3047 esse
432 2981 661 3060 arbitrabatur,
677 2991 809 3065 portum
829 2992 944 3048 tenere
959 2982 1061 3047 iussit.

176 3103 327 3157 saivalos
389 3085 453 3149 His
469 3084 657 3149 constitutis
670 3087 768 3149 rebus
789 3095 906 3150 nactus
927 3085 1083 3151 idoneam
1104 3086 1147 3149 ad
1168 3085 1391 3169 navigandum
1404 3095 1447 3149 28

177 3172 279 3222 Βήωῃ·
343 3196 579 3272 tempestatem
613 3188 711 3252 tertia
746 3187 815 3259 sere
850 3188 962 3274 vigilia
999 3189 1098 3253 solvit
1132 3189 1326 3272 equitesque
1357 3191 1390 3254 in

344 3295 533 3360 ulteriorem
554 3303 688 3376 portum
707 3293 863 3379 progredi
884 3303 918 3357 et
939 3312 1040 3357 naves
1060 3294 1280 3359 conscendere
1302 3304 1392 3358 etse

376 3479 420 3526 22.
440 3478 453 3534 ς
474 3487 496 3524 1.
521 3476 676 3531 superiori·
698 3477 842 3532 tombam
896 3475 936 3534 28,
960 3478 972 3533 ς
995 3486 1019 3534 1,
1044 3473 1093 3523 and
1117 3472 1258 3538 ‘superior‘
1280 3489 1340 3537 may
1361 3475 1392 3524 be

344 3539 553 3598 Seeiii.28,§1.
893 3539 1395 3605 interpretedbyapassageinlnol

378 3610 428 3669 53.
448 3608 520 3654 duaa
539 3642 545 3655 .
565 3640 572 3654 .
591 3640 597 3653 .
616 3606 752 3662 laniones.
792 3603 844 3654 Δύο
892 3605 935 3655 the
946 3620 1015 3655 same
1025 3604 1318 3670 chapter—‘inferiorem
1336 3620 1392 3670 par·

344 3668 546 3786 rdqurtp'pprpv
560 3669 697 3785 ιιραιὼσςέ
710 3669 753 3731 τῆς
769 3687 844 3746 orpu-
893 3677 945 3721 tem
962 3670 1064 3756 insulae,
1068 3685 1144 3785 1qum
1160 3680 1198 3785 eptt
1215 3670 1316 3735 propius
1332 3669 1393 3785 stqliq

343 3753 406 3850 33,
424 3800 467 3877 the
483 3739 742 3876 drdvihi’rsssconsnvl'fr
748 3735 845 3867 Ἐξ
893 3750 1392 3877 ffimffi‘sussffihssh

344 3865 463 3929 Vegetrus
471 3865 540 3929 (114)
550 3880 608 3929 says
616 3867 669 3916 that
676 3867 719 3917 the
724 3867 842 3917 Ancients
893 3882 915 3917 ts
925 3882 959 3917 ou
970 3865 1084 3917 Caeser’s
1094 3866 1161 3932 right
1179 3882 1207 3915 as
1220 3867 1251 3917 he
1267 3867 1333 3916 nee·
1348 3866 1391 3916 the

343 3929 452 3994 thought
462 3929 540 3991 these,
550 3931 611 3980 with
626 3931 690 3981 their
701 3934 843 3997 contingent
893 3932 997 3993 sea‚aud
1005 3933 1059 3982 that
1067 3931 1277 3983 ‘inferior’which
1285 3932 1345 3981 ison
1353 3932 1393 3981 his

345 3994 374 4046 oi
383 3994 532 4055 auriliana,
543 3996 642 4060 enough
654 3996 693 4046 lor
703 4014 752 4062 aoy
760 4014 819 4048 war.
892 3997 945 4047 leit
979 3997 1043 4047 This
1053 4013 1139 4062 agrees
1149 3997 1209 4047 with
1225 3996 1268 4047 the
1283 3996 1392 4062 position

377 4063 421 4110 28.
442 4063 455 4119 ς
479 4071 500 4107 1.
524 4063 689 4110 ulteriorem
718 4068 841 4119 portum.
892 4063 922 4113 ol
940 4062 1100 4115 Ambleteuse
1122 4078 1151 4113 as
1175 4063 1310 4128 compared
1330 4062 1393 4114 with

343 4126 407 4177 This
422 4125 444 4176 is
459 4122 541 4176 called
556 4127 683 4189 ‘superior
699 4126 799 4193 portur'
816 4127 841 4176 in
892 4127 1030 4192 Boulogue.
