3234 5134
171 622 216 670 rs.
230 618 256 684 7]
400 618 455 669 ns
476 618 998 674 asnroosrmco.r1av11
1160 630 1220 693 291

142 780 313 846 stabatur.
360 780 491 847 Incerto
507 801 594 847 nunc
611 784 713 848 etiam
731 785 825 849 exitu
838 783 1005 857 victoriae,
1023 803 1099 851 cum
1120 785 1223 869 septi·

171 905 248 951 mae
269 884 408 968 legionis
429 886 571 952 tribunis
596 897 685 953 esset
706 888 903 964 nuntiatum,
926 907 1011 972 quae
1033 888 1066 953 ln
1089 889 1223 954 sinistro

171 1009 273 1055 cornu
292 999 488 1074 gererentur,
503 999 581 1074 post
603 1001 734 1074 tergum
756 991 903 1057 hostium
926 992 1090 1075 legionem
1111 1002 1222 1059 osten·

144 1094 292 1161 tderunt
320 1094 482 1179 signaque
511 1092 703 1158 intulerunt
752 1094 806 1162 Ne
836 1116 877 1160 eo
905 1096 1041 1179 quidem
1071 1105 1223 1180 tempore

171 1198 348 1282 quisquam
362 1195 438 1262 loco
452 1197 559 1272 cessit,
570 1198 630 1262 scd
642 1199 854 1264 circumventi
866 1219 983 1264 omnes
995 1200 1223 1285 interfectique

144 1312 257 1368 esunt.
303 1301 454 1367 Eandem
472 1300 639 1366 fortunam
656 1302 734 1368 tulit
748 1302 1003 1385 Camulogenus.
1049 1303 1100 1369 At
1116 1305 1149 1383 ii,
1164 1305 1222 1389 qui

172 1405 338 1490 praesidio
358 1414 472 1470 contra
495 1416 604 1471 castra
621 1406 762 1473 Labieni
785 1417 879 1472 erant
902 1406 1016 1483 relicti,
1031 1427 1105 1472 cum
1127 1429 1222 1491 proe-

172 1510 253 1575 lium
277 1510 490 1574 commissum
511 1510 690 1591 audissent,
706 1512 854 1576 subsidio
874 1512 942 1577 suis
962 1511 1068 1576 ierunt
1088 1512 1222 1578 collem·

172 1632 239 1697 que
264 1622 432 1696 ceperunt,
456 1633 564 1698 neque
588 1625 778 1681 nostrorum
804 1614 947 1680 militum
969 1615 1134 1680 victorum
1161 1617 1223 1681 im·

143 1726 288 1802 opetum
313 1715 472 1783 sustinere
501 1728 690 1801 potuerunt.
734 1718 791 1785 Sic
821 1740 896 1787 cum
927 1718 995 1783 suis
1019 1718 1223 1802 fugientibus

173 1821 339 1904 permixti,
353 1842 437 1906 quos
458 1841 523 1886 non
543 1821 646 1887 silvae
666 1833 862 1907 montesque
883 1832 1049 1902 texerunt,
1064 1823 1108 1888 ab
1130 1824 1223 1907 equi-

131 1942 162 1982 10
173 1935 246 1991 tatu
275 1935 353 1991 sunt
383 1924 556 1991 interfecti.
603 1924 680 1991 Hoc
709 1928 845 2009 negotio
874 1928 1025 1992 confecto
1054 1926 1223 1992 Labienus

172 2030 344 2095 revertitur
358 2028 584 2113 Agedincum,
599 2030 656 2094 ubi
679 2030 917 2114 impedimenta
937 2032 1038 2095 totius
1058 2031 1224 2097 exercitus

173 2134 289 2199 relicta
314 2142 428 2211 erant3
461 2134 538 2198 inde
564 2153 639 2198 cum
664 2135 820 2200 omnibus
845 2134 949 2217 copiis
978 2137 1022 2201 ad
1048 2135 1224 2202 Caesarem

174 2236 334 2322 pervenit.

119 2352 162 2408 68
220 2338 415 2406 Defectione
428 2341 625 2407 Aeduorum
638 2342 770 2427 cognita
787 2342 910 2408 bellum
925 2353 1073 2426 augetur.
1114 2343 1221 2427 Lega-
1234 2357 1351 2410 Theon

145 2465 161 2502 a
175 2444 283 2508 tiones
298 2444 332 2509 in
346 2465 463 2510 omnes
474 2455 584 2531 partes
595 2447 914 2512 circummittuntur:
933 2455 1093 2531 quantum
1105 2449 1221 2532 gratia,
1232 2440 1381 2556 ffizro

175 2548 381 2628 auctoritate,
411 2550 551 2634 pecunia
582 2549 703 2628 valent,
732 2551 776 2614 ad
812 2550 1038 2616 sollicitandas
1073 2552 1222 2617 civitates
1232 2555 1352 2623 Ρωῑῑῡῑῑι

147 2638 341 2730 snituntur3
361 2654 450 2717 nacti
463 2653 604 2732 obsides,
615 2673 699 2736 quos
711 2652 834 2720 Caesar
841 2655 932 2738 apud
943 2674 1000 2719 eos
1015 2655 1223 2739 deposuerat,

146 2754 294 2825 thorum
323 2754 487 2841 supplicio
517 2756 706 2823 dubitantes
731 2759 890 2824 territant
943 2757 1066 2824 Petunt
1094 2779 1116 2824 a
1140 2759 1223 2825 Ver-

176 2860 377 2943 cingetorige
408 2859 532 2939 Aedui,
562 2869 599 2925 ut
627 2861 671 2927 ad
700 2882 737 2927 se
764 2863 875 2928 veniat
904 2863 1115 2947 rationesque
1143 2845 1377 2962 belli'cflfffmlffffssli

146 2992 162 3043 5
176 2965 311 3048 gerendi
326 2963 558 3029 communicet.
603 2965 655 3029 Re
670 2965 848 3050 impetrata
863 2967 1076 3044 contendunt,
1091 2975 1129 3031 ut
1144 2968 1223 3052 ipsis
1235 2976 1375 3028 oommmu

175 3088 306 3133 summa
320 3067 447 3151 imperii
463 3068 622 3147 tradatur,
638 3078 672 3133 et
692 3089 726 3133 re
746 3071 780 3133 in
800 3071 1059 3135 controversiam
1080 3071 1223 3136 deducta
1236 3066 1369 3145 Vercinge-

146 3172 280 3238 6totius
317 3170 443 3236 Galliae
477 3172 653 3238 concilium
691 3172 846 3239 Bibracte
883 3175 1046 3240 indicitur.
1092 3173 1222 3239 Eodem
1235 3134 1371 3248 {maed

176 3275 373 3341 conveniunt
398 3275 544 3360 undique
568 3276 764 3360 frequentes.
810 3277 1033 3343 Multitudinis
1059 3263 1363 3380 suffragiisffiffl*

175 3400 228 3444 res
249 3379 470 3464 permittitur:
495 3381 539 3445 ad
562 3400 663 3445 unum
685 3401 802 3446 omnes
820 3380 1126 3465 Vercingetorigem
1148 3399 1223 3463 pro·
1235 3343 1342 3445 {qu

149 3484 258 3551 tbant
287 3483 527 3566 imperatorem
571 3482 631 3548 Ab
657 3484 721 3549 hoc
744 3484 885 3551 concilio
911 3484 1020 3561 Remi,
1044 3484 1224 3568 Lingones,
1236 3482 1326 3535 ‘rrius

177 3587 312 3652 Treveri
334 3585 503 3652 afuerunt:
529 3584 586 3667 illi,
605 3589 697 3670 quod
718 3589 900 3654 amicitiam
921 3588 1149 3654 Romanorum
1172 3607 1223 3654 se·
1235 3550 1393 3668 ffiffi,

210 3733 258 3779 02.
276 3736 289 3790 ξ
308 3731 331 3779 8.
350 3730 522 3791 nequeumt
541 3766 548 3780 .
566 3767 573 3781 .
590 3766 597 3780 .
613 3730 674 3781 not.¹
727 3732 835 3783 locutive
851 3732 878 3782 ln
893 3735 960 3798 qu
976 3746 1001 3796 9.
1033 3730 1117 3781 Invli.
1129 3736 1225 3799 5554

177 3796 227 3847 We
238 3795 301 3847 heve
315 3796 372 3846 here
389 3797 431 3846 the
447 3811 516 3846 same
530 3796 607 3845 idiom
622 3796 677 3847 that
726 3798 770 3847 the
782 3798 891 3848 locutive
903 3798 926 3849 is
936 3796 1080 3848 ‘urbneu’
1113 3797 1171 3848 Ini
1184 3813 1225 3863 23,

177 3858 678 3912 basbeennoticedintheosseof‘ac'
728 3864 742 3921 l
767 3876 779 3912 1
802 3878 841 3914 we
867 3864 931 3914 have
953 3860 1098 3913 ‘Bibracte’
1119 3878 1148 3914 ns
1174 3865 1224 3915 abl.

178 3930 236 3989 dcc,
251 3926 311 3990 only
328 3926 460 3977 conoealed
477 3927 509 3989 by
525 3944 541 3977 a
556 3927 676 3993 negative.
726 3927 817 3978 Strabo
837 3927 882 3994 (lv.
900 3933 956 3992 Μ
978 3929 1004 3993 a)
1023 3927 1112 3994 speeies
1135 3927 1164 3978 of
1184 3930 1225 3979 Bi·

178 3992 225 4044 See
236 3993 273 4042 lii.
287 3989 549 4057 19,§3‘acstati1n.’
726 3994 811 4045 bracte
836 4010 865 4045 ae
892 3996 934 4045 the
959 3993 1106 4059 stronghold
1131 3994 1161 4044 of
1181 3996 1226 4046 the

212 4064 257 4109 68.
279 4063 292 4119 ς
314 4071 337 4120 5.
362 4061 501 4108 Bibreote.
536 4057 600 4107 This
619 4072 678 4122 may
726 4058 818 4122 Aedui,
829 4058 904 4111 while
919 4058 1081 4110 Cabillonum
1094 4075 1146 4111 was
1160 4061 1226 4113 their

178 4125 210 4175 be
226 4139 287 4186 acc,
302 4124 349 4175 but
364 4138 403 4174 we
418 4123 482 4175 have
496 4122 637 4176 ‘Bibracte'
648 4138 678 4174 as
725 4125 827 4191 capital.
860 4126 906 4178 See
917 4126 984 4177 Note
995 4126 1029 4176 D.

670 4221 733 4274 Ua
