3234 5134
229 616 274 665 88.
286 613 314 680 3]
467 615 521 666 DE
542 614 665 667 Beato
692 614 860 668 GALLICO.
911 616 982 669 ΜΒ.
1007 617 1051 668 JV
1223 623 1281 684 149

231 795 252 842 a
280 776 396 843 castris
427 776 647 860 processisset,
677 799 756 844 suos
784 780 830 846 ab
858 777 1012 846 hostibus
1041 777 1147 863 premi
1179 788 1281 861 atque

230 900 329 965 aegre
342 882 504 947 sustinere
518 891 553 947 et
568 882 717 948 conferta
738 882 870 967 legione
891 903 935 948 ex
956 885 1110 950 omnibus
1131 883 1281 971 partibus

202 984 297 1055 stela
323 987 428 1051 conici
450 986 692 1052 animadvertit
736 987 826 1051 Nam
852 988 943 1070 quod
966 989 1057 1053 omni
1080 1008 1125 1054 ex
1147 988 1280 1071 reliquis

232 1089 380 1171 partibus
395 1090 549 1155 dernesso
569 1089 736 1157 frumento
759 1110 837 1174 pars
850 1111 916 1157 una
931 1102 1003 1157 erat
1023 1092 1158 1177 reliqua,
1172 1092 1280 1175 suspi-

232 1192 297 1256 cati
322 1192 441 1273 hostes,
469 1194 533 1260 huc
557 1205 687 1259 nostros
711 1215 782 1260 esse
806 1204 973 1275 venturos,
1000 1205 1114 1262 noctu
1127 1196 1160 1259 iu
1189 1195 1280 1260 silvis

232 1295 450 1376 delituerant3
472 1307 545 1363 tum
567 1300 733 1382 dispersos
754 1300 915 1382 depositis
939 1299 1039 1364 armis
1062 1299 1096 1364 in
1121 1300 1279 1364 metendo

231 1411 412 1483 occupatos
448 1402 560 1468 subito
596 1402 716 1484 adorti,
753 1403 868 1486 paucis
910 1402 1108 1483 interfectis,
1135 1402 1279 1486 reliquos

230 1502 362 1569 incertis
385 1506 554 1570 ordinibus
575 1507 861 1591 perturbaverant,
882 1506 981 1572 simul
1004 1507 1155 1590 equitatu
1178 1515 1280 1591 atque

230 1609 355 1673 essedis
369 1609 664 1675 circumdederant

174 1724 218 1781 88
274 1710 388 1803 Genus
407 1712 470 1779 hoc
488 1723 539 1779 est
554 1735 599 1780 ex
620 1713 744 1779 essedis
763 1732 904 1797 pugnae
951 1713 1062 1779 Prim0
1084 1733 1144 1798 per
1163 1734 1279 1779 omnes
1292 1720 1435 1798 Mannum

230 1826 342 1899 partes
364 1819 574 1900 perequitant
597 1827 633 1882 et
653 1817 723 1883 tela
743 1818 910 1882 coniciunt
931 1826 1033 1900 atque
1056 1818 1129 1901 ipso
1154 1826 1279 1883 terrore
1291 1785 1428 1903 ffiffir,

195 1985 199 1990 .
229 1939 390 2002 equorum
404 1931 440 1986 et
459 1923 600 2006 strepitu
618 1932 767 1987 totamm
787 1922 919 1988 ordines
936 1921 1132 2006 plerumque
1151 1932 1279 2005 pertur-
1291 1918 1407 1968 &³50³-

228 2024 319 2107 baut,
334 2036 368 2090 et
384 2046 461 2090 cum
483 2046 520 2091 se
541 2026 627 2091 inter
643 2026 795 2109 equitum
814 2035 942 2092 turmas
964 2027 1220 2107 insinuaverunt,
1234 2046 1279 2091 ex

202 2158 215 2194 2
229 2129 353 2194 essedis
367 2130 524 2196 desiliunt
538 2140 572 2195 et
587 2129 728 2213 pedibus
740 2130 953 2214 proeliantur.
982 2130 1133 2215 Aurigae
1147 2130 1278 2196 interim

228 2233 391 2315 paulatim
406 2255 451 2299 ex
468 2233 593 2317 proelio
607 2235 775 2299 excedunt
790 2244 892 2319 atque
907 2235 954 2300 ita
969 2255 1082 2300 currus
1104 2234 1279 2313 collocant,
1309 2241 1311 2246 ⁴

229 2347 277 2416 ut,
290 2337 317 2401 si
341 2337 389 2401 illi
411 2359 431 2402 a
454 2337 667 2403 multitudine
688 2338 835 2403 hostium
858 2349 1060 2424 premantur,
1080 2339 1277 2422 expeditum
1306 2347 1312 2358 '
1374 2407 1377 2414 Α

200 2441 272 2517 aad
299 2461 376 2506 suos
401 2451 570 2527 receptum
597 2441 749 2507 habeant.
796 2442 849 2508 Ita
873 2441 1092 2508 mobilitatem
1118 2443 1277 2526 equitum,

228 2543 446 2611 stabilitatem
462 2547 612 2630 peditum
627 2545 662 2609 in
676 2544 811 2629 proeliis
826 2555 1003 2629 praestant,
1016 2566 1055 2612 ac
1069 2557 1200 2612 tautum
1216 2568 1277 2612 usu

228 2648 400 2713 cotidiano
429 2660 463 2715 et
493 2650 733 2742 exercitatione
765 2649 920 2728 efficiunt,
947 2650 996 2714 uti
1027 2650 1062 2714 in
1090 2649 1208 2716 declivi
1237 2672 1277 2717 ac

228 2754 400 2838 praecipiti
416 2752 490 2820 loco
505 2755 659 2819 incitatos
670 2773 775 2836 equos
790 2754 953 2819 sustinere
962 2762 996 2819 et
1010 2754 1101 2818 brevi
1114 2756 1277 2820 moderari

229 2877 269 2921 ac
284 2856 417 2923 flectere
431 2869 466 2923 et
480 2878 541 2943 per
554 2867 721 2923 temonem
731 2878 923 2943 percurrere
937 2867 972 2922 et
988 2857 1022 2921 in
1035 2857 1114 2940 iugo
1129 2858 1278 2924 insistere

229 2972 264 3028 et
281 2983 317 3028 se
333 2963 410 3028 inde
425 2963 459 3026 in
474 2978 589 3027 currus
604 2962 762 3027 citissime
777 2962 925 3046 recipere
939 2962 1136 3027 consuerint.

260 3127 304 3212 ⁸⁸3
318 3129 331 3184 ς
346 3138 367 3174 1.
384 3139 419 3174 sx
434 3120 549 3173 essedis
582 3117 729 3215 'ihr-esse}
778 3123 855 3189 being
875 3123 935 3174 used
957 3088 996 3189 by·
1008 3123 1051 3174 the
1070 3123 1150 3175 Gauls
1168 3119 1198 3175 οἰ
1217 3125 1280 3202 Asia

227 3190 312 3305 tta„
326 3188 459 3320 ἴῖζῗὲῗ
468 3187 576 3305 „ab
598 3203 728 3306 15⁰2*in
759 3189 1045 3306 'ib-‘’iabmstfflfi
1066 3189 1156 3305 itti}
1181 3199 1279 3320 ab:

779 3323 792 3380 5
817 3320 857 3385 16)
876 3321 998 3371 mentions
1014 3320 1114 3370 ‘falsati
1133 3317 1234 3370 currus'
1250 3335 1278 3369 as

261 3388 301 3437 ‘et
311 3385 402 3435 docilis
414 3393 496 3436 rector
505 3385 637 3436 monstrati
648 3383 727 3451 Belga
776 3401 870 3451 among
883 3386 925 3436 the
936 3385 1016 3436 forces
1032 3384 1165 3451 employed
1180 3386 1215 3450 by
1224 3386 1278 3434 Aa·

292 3451 392 3502 oovin‘a'
776 3452 876 3501 tioehus
911 3451 954 3501 the
987 3450 1065 3501 Great
1099 3450 1198 3516 against
1234 3451 1278 3501 the

226 3515 329 3567 Tacitus
341 3519 413 3581 (Agr.
427 3529 467 3580 35.
479 3516 522 3579 36)
538 3516 628 3583 speaks
643 3516 673 3566 os
683 3515 726 3566 the
776 3517 896 3568 Romans.
931 3515 978 3566 We
991 3529 1050 3579 may
1061 3515 1124 3566 iuter
1137 3515 1192 3566 that
1207 3515 1276 3566 these

227 3580 726 3633 Caledoniauchadoteersas‘coviuarii'
775 3597 840 3632 were
851 3581 975 3633 Galatiam.
1003 3581 1051 3658 Cp.
1064 3580 1160 3631 iloni.
1173 3590 1212 3644 ογ,
1226 3585 1239 3641 5
1252 3596 1276 3632 a.

226 3779 290 3830 their
298 3777 399 3840 ivheels,
409 3778 541 3829 ‘dimicant
552 3794 602 3828 uon
613 3779 725 3844 equitatu
840 3785 889 3837 cat,
899 3776 981 3827 incola
992 3776 1089 3828 Thales

225 3845 302 3895 modo
318 3852 362 3894 aut
379 3843 471 3909 pedite,
482 3860 566 3894 verum
581 3851 606 3894 et
620 3844 685 3909 bigis
700 3851 725 3894 et
807 3842 1034 3908 Agminaialcilero
1041 3842 1201 3894 circumvenit
1208 3853 1275 3894 areta

223 3911 335 3962 curribus
354 3909 455 3961 Gallice
475 3909 591 3960 amaus:
615 3913 632 3937 ‘⁴
640 3910 725 3961 coria·
840 3907 963 3959 covinno!

222 3992 269 4027 nos
276 3974 291 3998 '’
301 3984 401 4036 vocant,
413 3990 518 4054 quorum
530 3973 627 4026 falcatis
637 3976 725 4026 axibus
774 3972 955 4034 Nevertheless,
962 3989 991 4023 as
1002 3972 1095 4025 Caesar
1106 3989 1163 4039 says
1170 3973 1276 4040 nothing

221 4043 337 4094 utuntur!
367 4041 462 4092 Lucrau
473 4041 560 4107 (Zeux.
572 4040 612 4092 vel
624 4043 685 4092 Ant.
697 4042 724 4103 8)
775 4041 853 4089 about
863 4039 969 4104 scythes,
977 4054 1015 4089 we
1027 4047 1093 4090 must
1103 4055 1212 4107 suppose
1220 4040 1275 4090 that

221 4109 312 4174 speaks
334 4108 364 4162 oi
382 4105 480 4173 ἅρματα
502 4105 670 4172 δρεπανηφόρα
698 4122 726 4157 as
774 4105 841 4156 these
850 4104 959 4157 ehedots
970 4120 1034 4157 wera
1043 4106 1149 4157 without
1161 4106 1236 4157 them
