3234 5134
360 624 402 687 86
704 633 732 685 c.
758 633 855 685 rurrr
878 633 1067 686 CAESARIS
1306 634 1365 699 [ss.
1381 648 1411 682 1—

194 809 337 860 cueekered
406 795 563 879 Legionis
577 814 687 859 nonae
701 804 736 859 et
751 795 901 861 decimae
917 795 1048 872 milites,
1063 804 1101 859 ut
1117 794 1150 858 in
1167 795 1299 860 sinistra
1314 806 1410 880 parte
1424 800 1466 854 23

193 874 344 991 {flffifs
361 900 433 965 acie
447 898 674 979 constiterant,
689 899 764 984 pilis
779 899 909 963 emissis
923 919 1019 963 cursu
1030 918 1070 964 ac
1084 898 1279 965 lassitudine
1294 900 1410 963 exani·

362 1012 469 1068 matos
494 1000 750 1085 vulneribusque
779 1003 947 1068 conlectos
973 1003 1154 1068 Atrebates
1177 1000 1270 1089 (nam
1294 1004 1347 1069 his
1372 1023 1411 1067 se

361 1128 438 1193 pars
462 1101 658 1193 obvenerat)
683 1106 833 1172 celeriter
859 1126 904 1170 ex
930 1107 1005 1172 loco
1030 1108 1201 1192 superiore
1228 1109 1261 1172 in
1288 1107 1411 1173 flumen

361 1211 593 1296 compulerunt
615 1219 649 1275 et
670 1212 809 1276 transire
832 1222 988 1277 conantes
1011 1211 1150 1277 insecuti
1174 1213 1296 1294 gladiis
1319 1233 1412 1296 mag·

362 1335 439 1381 nam
456 1326 585 1398 partem
596 1334 711 1380 eorum
728 1314 923 1404 impeditam
937 1315 1177 1381 interfecerunt.
1223 1316 1292 1400 Ipsi
1308 1325 1440 1381 trans-2

364 1419 411 1484 ire
447 1418 571 1485 flumen
605 1439 673 1484 non
706 1419 943 1484 dubitaverunt
976 1429 1009 1484 et
1044 1421 1077 1483 in
1115 1419 1224 1484 locum
1262 1421 1413 1503 iniquum

362 1524 527 1609 progressi
551 1543 664 1588 rursus
690 1524 880 1588 resistentes
903 1523 1016 1588 hostes
1039 1524 1264 1607 redintegrato
1288 1525 1414 1609 proelio

362 1624 397 1688 in
412 1624 525 1706 fugam
540 1622 761 1687 coniecerunt
807 1622 895 1687 Item
910 1622 976 1687 alia
996 1623 1029 1686 in
1052 1632 1146 1705 parte
1163 1624 1313 1688 diversae
1327 1624 1414 1688 duae
1427 1644 1441 1690 s

364 1728 521 1812 legiones,
546 1727 722 1791 undecima
744 1736 779 1792 et
805 1735 933 1800 octava,
956 1723 1139 1809 profligatis
1160 1726 1414 1805 Veromanduis,

364 1831 560 1916 quibuscum
587 1839 681 1895 erant
707 1829 882 1913 congressi,
908 1850 953 1893 ex
980 1829 1053 1894 loco
1078 1829 1247 1913 superiore
1274 1831 1307 1894 in
1335 1830 1415 1913 ipsis

364 1935 510 2000 fluminis
534 1933 615 2016 ripis
636 1932 917 2015 proeliabantur.i
939 1932 990 1997 At
1011 1932 1093 1997 totis
1114 1933 1184 1997 iere
1206 1954 1227 1998 a
1251 1933 1356 1998 fronte
1380 1946 1444 2004 et4

365 2041 409 2105 ab
431 2039 563 2104 sinistra
586 2046 680 2121 parte
704 2036 839 2101 nudatis
864 2036 990 2114 castris,
1012 2056 1088 2100 cum
1113 2037 1148 2098 in
1171 2038 1293 2101 dextro
1314 2057 1415 2102 cornu

366 2143 454 2228 legio
469 2139 668 2205 duodecima
682 2149 717 2204 et
732 2159 799 2203 non
817 2158 940 2224 magno
954 2140 998 2204 ab
1019 2160 1058 2204 ea
1079 2139 1253 2205 intervallo
1272 2141 1414 2221 septima

366 2245 578 2320 constitisset,
607 2262 724 2308 omnes
751 2241 866 2308 Nervii
897 2243 1137 2308 confertissimo
1166 2244 1301 2328 agmine
1330 2245 1443 2311 duces

368 2351 601 2433 Boduognato,
610 2348 668 2430 qui
679 2366 846 2411 summam
860 2346 987 2430 imperii
1002 2347 1147 2424 tenebat,
1156 2347 1199 2411 ad
1212 2367 1288 2412 eum
1303 2347 1414 2412 locum

367 2455 626 2533 contenderunt;
657 2471 799 2533 quorum
822 2470 900 2534 pars
922 2460 1039 2535 aperto
1061 2451 1164 2516 latere
1186 2451 1332 2535 legiones
1353 2451 1414 2516 cir-

368 2557 566 2633 cumvenire,
575 2576 652 2640 pars
666 2574 835 2620 summum
850 2566 1032 2620 castrorum
1048 2554 1159 2619 locum
1172 2566 1284 2639 petere
1294 2556 1415 2640 coepit.

413 2661 543 2726 Eodem
572 2669 725 2743 tempore
755 2659 883 2741 equites
913 2659 1016 2723 nostri
1047 2657 1196 2742 levisque
1230 2669 1416 2724 armaturae
1429 2668 1474 2723 24

368 2766 507 2851 pedites,
531 2763 588 2846 qui
615 2784 691 2830 cum
715 2764 755 2828 iis
779 2783 848 2827 una
873 2762 1012 2839 fuerant,
1033 2782 1118 2846 quos
1142 2764 1251 2847 primo
1270 2764 1416 2829 hostium

368 2871 495 2951 impetu
520 2866 635 2951 pulsos
664 2868 826 2943 dixeram,
851 2886 926 2931 cum
956 2887 994 2931 se
1023 2866 1057 2931 in
1086 2878 1194 2933 castra
1224 2869 1417 2952 reciperent,

366 2973 514 3039 adversis
528 2971 681 3035 hostibus
696 2971 915 3035 occurrebant
934 2990 974 3036 ac
989 2990 1100 3035 rursus
1122 2971 1221 3036 aliam
1236 2972 1270 3035 in
1286 2981 1416 3056 partem

367 3078 479 3161 sugam
501 3074 671 3161 petebant,
686 3084 720 3139 et
742 3075 886 3155 calones,
903 3075 960 3157 qui
982 3075 1026 3139 ab
1048 3075 1234 3140 decumana
1256 3087 1355 3161 porta
1376 3097 1444 3143 aci

400 3214 445 3263 28.
463 3214 476 3271 ς
491 3212 593 3261 ωοίο.
627 3207 691 3259 Tbis
706 3208 770 3258 form
787 3208 818 3259 ol
827 3208 871 3258 the
946 3212 990 3259 24.
1009 3212 1059 3269 ἧι.
1071 3212 1206 3259 dixeram.
1238 3215 1329 3275 19.§7.
1364 3212 1416 3262 For

417 3314 424 3327 .
447 3290 533 3327 occurs
554 3274 615 3340 only
636 3275 695 3325 here
720 3275 747 3324 in
769 3274 870 3324 Caesar.
911 3273 955 3325 the
965 3283 1034 3324 tense
1044 3290 1084 3340 cp.
1099 3289 1120 3336 r,
1134 3275 1357 3333 §vdixemmus’

367 3292 545 3460 {lists
562 3338 679 3456 riu
697 3341 773 3405 ‘r‘
798 3338 871 3454 ui
946 3345 1002 3463 223·
1026 3341 1413 3459 airam

368 3420 789 3539 νεοριιίιιᾱἰιιιιιοῖὲιετῐῗοᾶιίῧοῖενο
824 3468 870 3518 'r'
912 3420 972 3520 piris
993 3470 1088 3536 ligneus
1103 3471 1188 3522 clavas
1206 3474 1333 3559 gerebant,
1352 3448 1416 3540 quse,

368 3539 439 3617 (Jng.
460 3553 490 3603 52
508 3538 557 3588 und
576 3535 643 3601 106).
676 3537 757 3587 Aulus
774 3536 814 3586 Ge
836 3537 873 3586 'us
939 3536 1002 3586 rucei
1021 3536 1087 3585 κᾶλα
1106 3546 1204 3588 vocant.
1251 3539 1351 3590 Servius
1366 3543 1417 3657 gp:

370 3608 415 3666 (rx.
429 3617 468 3669 14,
487 3602 557 3668 ⁵²5)
572 3602 670 3656 reeords
684 3601 798 3653 Cseser's
814 3616 872 3651 own
913 3601 989 3667 Verg.
1006 3603 1069 3651 Aen.
1089 3603 1122 3652 vi.
1139 3606 1164 3666 1)
1180 3606 1350 3655 corroborares
1396 3607 1401 3616 '

369 3670 464 3720 verdier
474 3668 529 3719 that
539 3669 582 3720 the
592 3684 647 3733 gen.
655 3669 684 3718 oi
691 3669 734 3719 the
743 3667 799 3717 nnn
806 3666 870 3717 decl.
911 3667 1058 3729 derivation,
1070 3670 1198 3734 saying—‘
1208 3671 1225 3696 ‘⁸
1233 3670 1311 3720 Calas
1319 3670 1334 3692 ”
1350 3673 1416 3720 enlm

370 3733 460 3785 sbonld
472 3734 504 3784 be
520 3734 545 3784 iu
560 3734 684 3785 -e-‘Sed
695 3735 725 3785 C.
738 3732 830 3784 eamr
845 3734 872 3782 in
911 3733 1029 3784 dicebant
1045 3734 1151 3784 melotes
1166 3736 1244 3785 nomi
1261 3735 1337 3785 fustes
1353 3751 1416 3812 qnos

369 3799 436 3849 libro
457 3799 490 3851 de
508 3800 625 3864 ιυιῑοςίι
646 3798 755 3850 mundo
777 3799 872 3849 “huius
912 3800 1046 3864 portabant
1067 3799 1131 3849 servi
1153 3809 1281 3865 sequentes
1301 3801 1416 3851 donunos

369 3862 435 3915 die”
452 3874 478 3914 et
497 3865 597 3915 “buius
616 3863 723 3931 specis”
738 3865 872 3915 dicendum
912 3865 945 3914 ed
957 3864 1097 3929 proelium:
1114 3864 1416 3915 undeetiam“cslones'‘

369 3926 456 3994 pntst'
913 3928 1074 3980 dicebantur?
1106 3933 1142 3980 At
1158 3930 1252 3980 aletes
1267 3929 1354 3995 period
1372 3930 1416 3981 the

404 3996 873 4058 iprummnruoutrorumlooum,
915 3994 1011 4046 ‘lixae’
1032 3994 1081 4045 and
1096 3994 1225 4045 ‘calones’
1243 4010 1306 4045 were
1324 3995 1416 4046 known

371 4058 539 4124 ‘thehlgbett
549 4061 736 4125 groundwbere
746 4060 873 4127 thecsmp
914 4059 1081 4125 wgnliariiss
1115 4061 1415 4125 Veget.i.1osudiii.6.

369 4122 459 4177 stood?
948 4130 1202 4183 demmmportn
1230 4126 1417 4178 Tbedecnmsu
