3234 5134
390 597 452 677 ²⁶⁴
737 608 766 658 C.
792 607 888 660 mm
910 608 1100 663 CAESARIS
1334 610 1392 677 [80.
1403 622 1434 676 7-

391 768 585 852 explorata;
622 768 703 852 quin
733 770 834 835 etiarn
865 770 945 856 ipsis
975 772 1154 851 remittere,
1182 774 1210 838 si
1240 774 1302 838 sibi
1333 774 1435 856 magis

391 873 550 937 honorem
574 872 727 953 tribuere,
749 895 851 957 quarn
877 875 922 940 ab
947 896 984 941 se
1005 876 1147 943 salutem
1176 877 1324 961 accipere
1348 878 1435 941 vide

392 976 507 1040 entur!
550 976 665 1043 ‘Haec
694 988 731 1043 ut
765 978 984 1063 intellegatic’
1013 981 1129 1064 inquit,
1158 985 1198 1046 ‘a
1227 1003 1282 1046 me
1311 984 1461 1046 sinceres

391 1081 606 1163 pronuntiari,
627 1084 741 1148 audite
761 1084 935 1148 Romanos
957 1083 1097 1150 milites'
1143 1084 1299 1151 Producit
1320 1102 1463 1164 sermo

391 1204 476 1266 quos
501 1187 533 1249 io
559 1185 775 1269 pabulatione
801 1188 917 1270 paucis
947 1199 1026 1253 ante
1050 1189 1169 1255 diebus
1198 1199 1377 1274 exceperat
1405 1201 1440 1253 et

391 1287 478 1354 same
489 1288 691 1374 vinculisque
703 1292 957 1357 excruciaverat
990 1291 1037 1356 Hi
1051 1292 1118 1357 iarn
1134 1303 1212 1358 ante
1226 1293 1345 1372 edocti,
1354 1313 1441 1379 quae
1455 1312 1480 1346 ¹0

392 1392 584 1477 interrogati
610 1394 868 1477 pronuntiarent,
892 1395 1035 1461 ‘milites
1063 1417 1100 1461 se
1129 1417 1201 1462 esse
1224 1395 1440 1482 legionarios’

391 1497 524 1571 dicunt3
546 1495 652 1562 ‘same
666 1509 701 1563 et
716 1498 828 1581 inopia
842 1499 1005 1567 adductos
1027 1498 1114 1564 clam
1130 1520 1175 1564 ex
1189 1501 1305 1565 castris
1319 1503 1442 1578 exisse,

390 1602 418 1664 si
441 1601 521 1684 quid
544 1600 701 1668 frumenti
723 1614 781 1667 aut
797 1604 925 1686 pecoris
947 1603 981 1668 in
1003 1605 1094 1687 agris
1117 1605 1260 1689 reperire
1283 1618 1421 1689 possent
1435 1628 1442 1682 ;
1456 1627 1479 1662 11

390 1705 490 1770 simili
513 1725 647 1770 ornnem
674 1706 858 1771 exercitum
888 1708 1003 1791 inopia
1026 1710 1143 1791 premi,
1170 1729 1230 1775 nec
1259 1710 1325 1774 iarn
1353 1711 1442 1774 vires

391 1809 540 1874 sufficere
569 1810 761 1894 cuiusquam
799 1831 860 1876 nec
890 1810 974 1877 serre
1004 1812 1112 1896 operis
1142 1812 1288 1879 laborem
1321 1835 1441 1897 posse5

391 1913 504 1997 itaque
530 1913 685 1978 statuisse
710 1915 955 1997 imperatorem,
980 1917 1008 1980 si
1031 1915 1112 1979 nihil
1136 1917 1171 1980 in
1193 1920 1444 2001 oppugnatione

392 2016 507 2098 oppidi
524 2016 747 2099 proiecissent,
762 2019 873 2084 triduo
887 2020 1072 2083 exercitum
1088 2020 1273 2084 deducere!
1308 2021 1442 2097 ‘Haec'
1457 2045 1483 2079 u
1587 2048 1588 2051 π

392 2120 508 2203 inquit,
534 2126 572 2184 ‘a
597 2120 670 2200 me,'
690 2121 954 2205 Vercingetorix,
981 2121 1159 2189 ‘beneficia
1181 2122 1320 2197 habetis,
1340 2146 1442 2208 quem

393 2224 588 2307 proditionis
603 2225 820 2304 insimulatis;
844 2227 936 2291 cuius
951 2247 1053 2310 opera
1068 2227 1139 2291 sine
1153 2237 1264 2292 vestro
1284 2229 1444 2311 sanguine

392 2339 521 2395 tanturn
543 2329 726 2396 exercitum
747 2332 907 2396 victorem
928 2330 1017 2397 fame
1038 2342 1273 2416 consumptum
1299 2333 1443 2412 videtis3

392 2452 492 2514 quern
510 2433 651 2516 turpiter
666 2455 701 2498 se
717 2455 761 2498 ex
777 2433 856 2518 iuga
871 2435 1085 2519 recipientem
1100 2457 1143 2501 ne
1164 2457 1231 2520 qua
1244 2437 1359 2503 civitas
1373 2438 1444 2503 suis

393 2536 514 2601 tinibus
528 2538 677 2620 recipiat,
692 2559 713 2603 a
729 2559 782 2602 me
799 2540 966 2623 provisum
981 2540 1050 2606 esc'

225 2656 362 2708 fluerent
437 2639 633 2706 Conclamat
654 2643 763 2706 omnis
786 2642 964 2709 multitudo
985 2654 1021 2709 et
1043 2664 1106 2709 suo
1128 2664 1220 2710 more
1241 2644 1343 2709 armis
1364 2665 1443 2709 con·
1456 2664 1493 2718 21

222 2722 380 2775 ’ΝΜ
393 2758 516 2826 crepat,
541 2746 633 2828 quod
659 2744 766 2810 iacere
791 2748 824 2810 in
846 2767 887 2813 eo
908 2758 1120 2823 consuerunt,
1142 2747 1235 2813 cuius
1257 2749 1444 2814 orationem

393 2849 603 2931 approbant:
625 2870 792 2914 summum
816 2871 888 2915 esse
910 2851 1216 2936 Vercingetorigem
1238 2854 1366 2931 ducem,
1382 2873 1446 2918 nec

394 2951 438 3014 de
465 2951 535 3014 eius
565 2949 632 3016 fide
660 2953 891 3031 dubitandum,
915 2975 977 3020 nec
1007 2956 1131 3020 maiore
1160 2956 1288 3021 ratione
1317 2957 1445 3021 bellum

226 3062 360 3112 Avaricum
395 3054 617 3121 administrari
656 3076 762 3140 posse.
820 3057 990 3140 Statuunt,
1020 3068 1057 3123 ut
1089 3072 1116 3121 x
1146 3059 1236 3124 milia
1269 3059 1473 3125 hominurn2

224 3126 374 3257 med,
395 3159 526 3224 delecta
550 3178 595 3222 ex
621 3160 774 3224 omnibus
800 3162 906 3244 copiis
931 3163 963 3226 in
986 3163 1149 3246 oppidum
1173 3163 1357 3242 mittantur,
1382 3186 1475 3241 nec3

395 3264 474 3330 solis
511 3263 713 3348 Biturigibus
742 3284 953 3331 communem
989 3266 1130 3331 salutem
1169 3268 1445 3334 committendam

395 3379 540 3448 censent,
555 3369 644 3452 quod
660 3388 766 3453 paene
780 3389 831 3449 eo,
845 3369 872 3433 si
890 3369 922 3433 id
939 3370 1101 3454 oppidum
1121 3371 1340 3450 retinuissent,
1354 3393 1447 3437 sum·

396 3493 485 3537 mam
500 3472 656 3537 victoriae
670 3481 820 3536 constare
836 3472 1082 3558 intellegebant.

225 3582 360 3646 Enrineer·
439 3575 605 3660 Singulari
626 3576 767 3640 militum
791 3588 978 3641 nostrorum
996 3578 1110 3643 virtuti
1130 3577 1264 3644 consilia
1283 3580 1446 3664 cuiusque
1460 3595 1502 3649 πῆ

224 3648 268 3711 ing
279 3647 339 3697 skill
478 3681 485 3694 .

225 3711 357 3777 dimum
396 3681 486 3744 modi
503 3677 673 3745 Gallorum
689 3681 917 3760 occurrebant,
927 3692 964 3745 ut
980 3690 1032 3745 est
1046 3702 1197 3746 summae
1208 3703 1313 3766 genus
1328 3682 1446 3750 soller-

428 3841 468 3888 21.
488 3844 501 3899 t
517 3853 537 3891 1.
564 3857 616 3891 sno
637 3857 724 3903 more,
748 3845 795 3892 ao.
837 3841 893 3892 The
944 3858 1012 3891 mom
1027 3859 1137 3895 assensus
1150 3860 1228 3910 genus
1243 3851 1281 3895 est
1298 3846 1375 3895 emis
1391 3846 1446 3897 inu·

395 3903 811 3959 Germonsbadtbesameeostom.
831 3909 892 3959 Ten
944 3907 1018 3959 dare!

395 3969 478 4018 Germ.
500 3983 527 4019 11
548 3972 588 4022 ‘Si
611 3973 740 4039 displicuit
761 3975 891 4036 mimda,
976 3976 1084 4035 2251.
1103 3978 1241 4034 musque
1262 3978 1350 4026 ωοᾱί.
1388 3977 1445 4029 Not

394 4034 492 4085 tremiti
515 4037 708 4101 adspernantur3
731 4038 770 4089 sin
789 4041 893 4105 placuit,
943 4056 1092 4092 acommon
1108 4040 1185 4091 word.
1218 4041 1244 4092 It
1257 4057 1346 4092 occurs
1361 4041 1388 4092 in
1401 4044 1445 4094 Ar.

394 4098 500 4150 {rameru
528 4104 679 4154 concutiunt.
721 4105 892 4156 Honorntlssi·
946 4119 984 4171 19,
997 4106 1252 4172 §5⁴coiusqnemodi
1266 4105 1377 4173 genens·
