3234 5134
186 632 267 698 τις]
414 633 467 684 ns
490 633 612 687 nstro
639 634 804 687 caturco.
857 635 926 687 ιιΒ.
956 637 1009 687 νη
1172 644 1234 705 297

187 816 304 861 manos
333 797 499 862 submittit
525 795 737 881 legionesque
762 819 824 882 pro
850 799 965 863 castris
988 797 1166 877 constituit,
1191 819 1234 863 ne

158 920 254 983 aqua
268 901 379 965 subito
400 902 537 984 irruptio
559 901 603 967 ab
620 901 767 967 hostiurn
785 902 936 987 peditatu
951 902 1019 967 fiat.
1066 903 1233 967 Praesidio

185 1002 354 1086 legionum
370 1006 486 1071 addito
497 1006 618 1070 nostris
626 1007 756 1069 animus
766 1016 905 1088 augetur
914 1029 923 1082 3
946 1006 1059 1071 hostes
1071 1007 1104 1069 in
1119 1004 1232 1089 sugam

187 1109 327 1172 coniecti
343 1128 379 1172 se
398 1110 461 1193 ipsi
477 1108 688 1173 multitudine
711 1110 897 1193 impediunt
916 1119 1018 1193 atque
1037 1110 1234 1194 angustiori-

157 1211 250 1289 4bus
265 1213 370 1295 portis
391 1214 514 1278 relictis
536 1224 777 1279 coacervantur.
824 1211 982 1278 Germani
1002 1214 1108 1279 acrius
1130 1233 1235 1297 usque

158 1316 230 1388 sad
251 1317 449 1383 munitionen
471 1325 658 1400 sequuntur.
704 1317 760 1382 Fit
780 1337 902 1399 magna
924 1317 1064 1394 caedes;
1087 1317 1235 1383 nonnulli

188 1419 308 1484 relictis
330 1421 424 1503 equis
448 1420 569 1486 fossam
595 1420 733 1485 transire
753 1429 786 1484 et
809 1419 987 1485 maceriam
1005 1423 1235 1496 transcendere

190 1534 360 1588 conantur.
405 1523 543 1589 Paulum
567 1524 711 1606 legiones
731 1524 861 1601 Caesar,
875 1543 958 1606 quas
979 1544 1040 1606 pro
1054 1523 1143 1589 vallo
1157 1544 1234 1590 con·

157 1627 349 1704 ostituerat,
364 1628 549 1710 promoveri
569 1628 671 1694 iubet.
716 1626 794 1691 Non
812 1628 929 1702 minus.
944 1626 1002 1710 qui
1021 1628 1106 1691 intra
1128 1630 1235 1692 muni·

190 1730 297 1795 tiones
318 1742 421 1809 erant,
437 1734 671 1815 perturbantur
691 1731 779 1797 Galli
795 1754 802 1809 ;
824 1733 926 1795 veniri
945 1732 988 1796 ad
1009 1753 1045 1798 se
1064 1732 1234 1797 confestim

189 1834 420 1900 existimantes
433 1837 478 1901 ad
493 1857 585 1902 arma
601 1837 808 1902 conclamant
821 1858 829 1914 ;
852 1836 1000 1899 nonnulli
1022 1835 1182 1919 perterriti
1203 1837 1236 1900 in

161 1960 174 2013 7
190 1939 350 2022 oppidum
366 1940 562 2023 irrumpunt.
605 1939 861 2023 Vercingetorix
881 1940 974 2005 iubet
988 1949 1102 2023 portas
1117 1939 1237 2017 claudi,

188 2062 230 2108 ne
245 2054 351 2108 castra
363 2045 557 2132 nudentur.s
571 2043 688 2108 Multis
698 2043 889 2124 interfectis,
901 2043 1128 2128 compluribus
1143 2045 1237 2125 equis

187 2147 295 2231 captis
310 2144 467 2210 Germani
482 2166 554 2212 sese
567 2146 740 2231 recipiunt.

138 2270 177 2327 ἰι
233 2250 497 2332 Vercingetorix,
508 2252 697 2334 priusquam
713 2251 913 2316 munitiones
927 2251 971 2314 ab
987 2250 1147 2315 Romanis
1163 2270 1236 2334 per·
1250 2263 1379 2339 vercinge·

188 2353 348 2433 ficiuntur,
362 2355 533 2419 consilium
554 2356 644 2438 capit
662 2375 794 2420 omnem
813 2356 857 2419 ab
877 2374 914 2419 se
931 2355 1114 2437 equitatum
1135 2364 1234 2420 noctu
1247 2329 1383 2444 ffifflss

159 2491 173 2527 α
189 2458 365 2523 dimittere.
410 2459 668 2525 Discedentibus
683 2459 831 2534 mandat,
843 2463 851 2490 ‘
862 2466 899 2521 ut
914 2478 1007 2521 suam
1024 2459 1163 2542 quisque
1178 2480 1235 2524 eo·
1248 2460 1347 2538 0⁸5⁸er

190 2581 261 2624 rum
284 2562 451 2628 civitatem
474 2564 574 2628 adeat
597 2582 787 2646 omnesque,
809 2561 867 2645 qui
890 2582 949 2646 per
972 2572 1116 2628 aetatem
1141 2583 1235 2627 arma
1246 2540 1280 2641 ζ’]
1282 2524 1405 2654 mm

160 2665 271 2740 3ierre
283 2667 472 2749 possint,ad
486 2666 610 2731 bellurn
626 2662 766 2749 cogant!
806 2665 875 2731 Sua
891 2666 924 2729 in
941 2665 1016 2729 illos
1032 2668 1148 2731 merita
1159 2687 1235 2752 pro·
1248 2656 1376 2773 mitt

189 2771 284 2853 ponit
306 2771 565 2853 obtestaturque,
584 2780 621 2834 ut
645 2775 742 2835 ‘suae
764 2769 879 2834 salutis
900 2770 1064 2833 rationem
1083 2769 1237 2849 habeant,

189 2894 251 2938 neu
268 2894 304 2939 sc
319 2875 445 2956 optime
460 2873 503 2937 de
518 2874 683 2940 communi
699 2873 853 2938 libertate
868 2876 1019 2939 meritum
1036 2874 1188 2939 hostibus
1203 2875 1236 2938 in

189 2980 372 3043 cruciatum
389 2978 523 3044 dedant.
568 2976 668 3061 Quod
684 2978 711 3041 si
726 2977 983 3061 indiligentiores
998 2976 1129 3056 suerint,
1145 2978 1238 3042 milia

189 3083 362 3148 hominum
377 3082 506 3146 delecta
521 3082 692 3165 octoginta
707 3101 774 3145 una
788 3101 900 3145 secum
918 3081 1088 3147 interitura
1100 3083 1238 3147 demon·

159 3196 281 3260 4strat.
326 3186 470 3252 Ratione
491 3187 573 3251 inita
595 3188 718 3268 exigue
740 3185 868 3250 dierum
884 3205 920 3250 se
939 3184 1061 3249 habere
1076 3199 1156 3250 xxx
1172 3185 1237 3251 sru-

189 3303 350 3369 mentum,
361 3293 419 3356 sed
431 3290 530 3374 paulo
545 3292 644 3355 etiam
658 3289 787 3372 longius
798 3288 930 3354 tolerari
942 3309 1039 3373 posse
1051 3287 1238 3373 parcendo!

160 3417 175 3466 5
191 3394 256 3458 His
272 3395 359 3460 datis
379 3395 551 3473 mandatis,
569 3413 636 3477 qua
651 3414 735 3477 opus
756 3403 827 3458 erat
847 3393 1078 3471 intermissum,
1092 3393 1238 3457 secunda

159 3498 301 3582 tuigilia
327 3498 459 3561 silentio
482 3498 666 3580 equitatum
692 3497 841 3560 dimittit.
894 3497 1111 3560 Frumentum
1137 3514 1237 3560 omne
1250 3511 1293 3561 He
1305 3528 1357 3576 pre-

188 3603 233 3666 ad
247 3623 283 3668 se
298 3601 409 3666 referri
425 3602 519 3667 iubet
532 3624 539 3680 ;
559 3602 675 3685 capitis
690 3620 833 3683 poenam
849 3600 899 3675 iis,
909 3599 966 3683 qui
983 3620 1049 3664 non
1059 3599 1236 3683 paruerint,
1248 3592 1322 3708 ἓξὲξ
1332 3578 1370 3627 ¹⁰¹

161 3706 381 3782 yconstituit3
407 3725 516 3789 pecus,
531 3705 624 3768 cuius
639 3723 761 3786 magna
776 3711 846 3767 erat
866 3704 963 3786 copia
982 3703 1026 3766 ab
1045 3702 1237 3768 Mandubiis

189 3809 368 3892 compulsa,
383 3809 504 3885 viritim
524 3807 710 3886 distribuit;
734 3807 935 3872 frumentum
956 3826 1055 3890 parce
1070 3819 1103 3871 et
1123 3807 1237 3890 paula·

161 3914 249 3979 utim
277 3913 386 3977 metiri
414 3913 565 3977 instituit.
611 3911 735 3996 Copias
762 3931 888 3989 omnes,
913 3931 997 3993 quas
1024 3931 1084 3993 pro
1113 3912 1237 3996 oppido

160 4044 176 4094 9
189 4018 417 4095 collocaverat,
431 4018 466 4081 in
480 4016 640 4100 oppidum
658 4015 790 4099 recepit.
838 4013 901 4078 His
916 4015 1098 4080 rationibus
1112 4016 1238 4082 auxilia

190 4121 318 4187 Galliae
333 4130 527 4205 exspectare
542 4129 576 4185 et
591 4119 715 4185 bellum
731 4129 828 4204 parat
845 4118 1084 4185 administrare.
