3234 5134
331 625 371 688 74
677 617 705 670 c.
729 617 828 670 ruer!
851 616 1037 670 csssnnrs
1293 617 1332 685 [a
1348 631 1380 669 1-

163 792 319 859 meselgoe
374 776 434 843 Ab
458 776 510 841 his
539 776 655 843 castris
683 776 844 862 oppidum
875 776 1058 844 Remorum
1087 776 1221 843 nomine
1251 776 1410 845 Bibraxe

161 860 261 976 ffi
331 881 446 946 aberat
462 880 553 947 milia
567 901 725 966 passuum
740 890 827 947 octo.
866 882 906 947 id
921 903 966 947 ex
981 882 1099 948 itinere
1113 901 1236 965 magno
1251 881 1377 965 impetu

332 983 456 1070 Belgae
477 1004 670 1069 oppugnare
696 995 889 1069 coeperunt.
932 985 1048 1071 Aegre
1069 1006 1110 1050 eo
1133 986 1188 1052 die
1210 995 1378 1051 sustenta·

163 1103 240 1181 moue
331 1096 402 1154 tum
425 1097 486 1153 est.
532 1087 702 1154 Gallorum
720 1089 838 1155 eadem
855 1102 958 1172 atque
977 1089 1154 1174 Belgarum
1171 1090 1404 1174 oppugnatior

161 1169 309 1300 Q,
330 1203 382 1257 est
404 1192 497 1258 haec.
543 1193 613 1259 ubi
636 1193 847 1259 circumtecta
870 1193 1083 1259 multitudine
1105 1194 1277 1258 nominum
1297 1194 1377 1259 totis

162 1298 303 1350 Genuam
331 1298 506 1362 moenibus
530 1297 678 1380 undique
701 1298 736 1361 in
758 1318 894 1363 murum
918 1297 1046 1382 lapides
1069 1298 1131 1364 iaci
1159 1299 1270 1382 coepti
1298 1308 1376 1363 sunt

162 1364 286 1429 Belgium
330 1420 510 1483 murusque
546 1400 776 1466 defensoribus
813 1404 957 1468 nudatus
994 1410 1054 1477 est,
1084 1402 1252 1468 testudine
1288 1400 1377 1467 facta

328 1503 470 1590 [portas]
499 1506 681 1572 succedunt
710 1525 909 1589 murumque
940 1507 1109 1572 subruunt
1165 1504 1267 1589 Quod
1303 1515 1404 1580 turns

328 1608 423 1675 facile
437 1607 549 1675 fiebat
592 1608 682 1674 Nam
698 1629 774 1675 cum
791 1620 887 1676 tanta
907 1609 1087 1676 multitudo
1108 1608 1237 1694 lapides
1255 1630 1294 1675 ac
1309 1609 1377 1674 tela

327 1714 524 1794 conicerent,
553 1713 587 1777 in
624 1732 720 1778 muro
755 1713 958 1779 consistendi
993 1721 1142 1796 potestas
1179 1723 1250 1778 erat
1283 1713 1375 1777 nulli.

330 1815 416 1882 Cum
445 1815 546 1882 finem
577 1818 794 1902 oppugnandi
820 1837 893 1882 nox
921 1817 1064 1895 fecisset,
1094 1816 1200 1882 Iccius
1238 1816 1404 1895 Remus,4

328 1942 458 1986 summa
479 1920 653 1987 nobilitate
675 1931 709 1986 et
731 1922 839 2005 gratia
860 1922 946 1986 inter
966 1941 1054 1999 euos,
1075 1920 1132 2004 qui
1154 1929 1228 1986 tum
1249 1922 1376 2005 oppido

329 2026 523 2109 praefuerat,
538 2045 622 2089 unus
637 2045 682 2089 ex
704 2025 753 2101 iis,
769 2026 827 2108 qui
843 2024 944 2110 legati
964 2026 1008 2089 de
1027 2044 1112 2109 pace
1131 2024 1176 2089 ad
1197 2024 1375 2090 Caesarem

328 2139 496 2208 venerant,
515 2130 668 2194 nuntium
688 2128 733 2193 ad
754 2149 831 2194 eum
854 2130 976 2194 mittit:
1003 2130 1083 2194 ‘nisi
1105 2129 1288 2194 subsidium
1310 2127 1375 2192 sibi

329 2234 553 2308 submittatur,
568 2252 642 2297 sese
656 2232 779 2297 diutius
793 2233 957 2298 sustinere
972 2253 1038 2298 non
1055 2230 1174 2317 posse?

377 2337 430 2402 Eo
451 2339 494 2402 de
518 2338 628 2402 media
649 2346 747 2402 nocte
771 2335 894 2402 Caesar
913 2337 1029 2403 iisdem
1052 2338 1191 2405 ducibus
1209 2356 1298 2415 usus,
1316 2336 1406 2419 qui't

330 2442 436 2507 nuntii
451 2441 495 2506 ab
515 2442 603 2506 iccio
621 2452 791 2520 venerant,
804 2441 969 2506 Numidas
991 2452 1025 2507 et
1045 2440 1163 2507 Cretas
1185 2442 1376 2525 sagittarios

328 2556 362 2611 et
376 2546 558 2611 funditores
574 2546 729 2612 Baleares
743 2545 892 2610 subsidio
902 2546 1080 2631 oppidanis
1091 2547 1194 2611 mittit
1208 2567 1217 2626 ;
1232 2565 1373 2629 quorum
1388 2583 1401 2619 a

326 2651 471 2715 adventu
498 2660 532 2715 et
560 2650 675 2715 Remis
705 2669 781 2715 cum
810 2669 872 2733 spe
900 2649 1102 2716 defensionis
1124 2650 1271 2716 studium
1295 2670 1373 2732 pro·

325 2754 497 2838 pugnandi
527 2754 674 2831 accessit,
704 2764 739 2819 et
767 2753 920 2820 hostibus
949 2755 1067 2820 eadem
1096 2757 1140 2819 de
1168 2774 1268 2820 causa
1297 2773 1374 2837 spes

358 2940 386 2988 0.
400 2941 413 2998 ς
429 2951 450 2988 1.
467 2940 582 2988 Bibrax„
616 2937 670 2988 Not
686 2938 826 2988 tobecou·
874 2938 1004 2990 described
1018 2940 1052 3003 by
1062 2939 1126 3004 Livy
1142 2939 1236 3001 (xxxiv.
1252 2939 1295 3004 39)
1311 2939 1373 2989 with

326 3001 436 3054 founded
457 3003 519 3053 with
540 3003 584 3053 the
601 3003 707 3053 nedum
730 3012 825 3079 strong·
874 3005 1373 3056 hisusnalvividness-⁴Subiatisdeiude

326 3068 388 3119 hold
398 3068 512 3118 Bibracte
524 3069 552 3130 (i.
568 3070 676 3134 amr).
710 3068 826 3119 Tberets
875 3085 950 3135 supra
970 3072 1054 3136 capita
1075 3071 1159 3126 reuda
1176 3071 1374 3136 continuatisque

326 3134 401 3185 much
411 3133 540 3184 dilierenoe
551 3133 581 3183 of
589 3134 693 3200 opinion
702 3149 731 3183 es
740 3140 771 3183 to
781 3133 824 3183 the
874 3135 911 3186 ita
921 3136 984 3185 inter
995 3151 1029 3192 se,
1040 3144 1068 3186 ut
1080 3152 1130 3186 non
1143 3137 1221 3185 modo
1235 3135 1268 3185 ad
1285 3151 1373 3186 caecos

326 3208 397 3250 exact
408 3202 456 3249 site
467 3199 497 3249 of
505 3198 604 3249 Bibrax.
638 3199 772 3264 Nepoleon
781 3199 824 3248 111
875 3202 947 3262 ictus,
962 3201 1006 3251 sed
1020 3201 1095 3251 seed
1109 3200 1260 3251 inferendum
1270 3201 1373 3266 quidem

326 3267 419 3317 locates
429 3266 449 3315 lt
460 3281 493 3316 on
504 3265 547 3315 the
557 3264 686 3315 mountain
698 3264 727 3314 of
732 3263 824 3315 Vieua·
873 3282 905 3317 ea
919 3267 1058 3332 propinquo
1071 3267 1157 3327 mlum,
1168 3266 1219 3317 loci
1235 3267 1373 3331 quidquam

325 3331 405 3382 Leon.
874 3339 947 3393 esset,
958 3330 1301 3383 testudinefectesubibaut’
1324 3332 1372 3384 See

361 3402 414 3457 ia.
439 3399 589 3448 moenibus
611 3431 619 3444 .
642 3431 649 3445 .
672 3432 679 3446 .
701 3409 825 3455 murum,
868 3397 929 3448 ¹also
938 3397 993 3447 Lis.
1005 3396 1109 3462 alteo:
1127 3398 1161 3447 D.
1171 3397 1202 3449 C.
1213 3397 1275 3447 alia.
1287 3412 1329 3463 30.

327 3466 410 3514 ‘town
430 3500 437 3514 .
458 3499 465 3514 .
483 3498 490 3512 .
509 3462 586 3514 wall)
620 3460 696 3527 Verg.
716 3463 779 3511 Aen.
797 3460 825 3510 ii.
906 3466 932 3516 t.
948 3467 961 3522 t
976 3475 997 3511 1.
1014 3466 1050 3512 de
1069 3466 1164 3513 medie
1182 3470 1274 3524 nocte,
1295 3464 1374 3515 ‘after

326 3542 408 3592 ²³4-
874 3525 1017 3593 mldnight?
1050 3527 1373 3589 Seei.1a,§a‘detertia

358 3593 518 3644 ‘Dividimus
529 3609 612 3644 muros
622 3599 647 3644 et
657 3594 756 3643 moenia
764 3608 824 3659 pan-
873 3592 976 3658 vigilie!
1008 3592 1044 3645 So
1062 3596 1088 3644 in
1105 3594 1187 3645 Greek
1204 3593 1245 3657 ἀφ’
1261 3594 1371 3658 isaim,

391 3660 473 3709 dimus
489 3656 572 3709 urbis-⁸
873 3658 952 3710 Thue
963 3658 1005 3710 rii.
1019 3674 1050 3726 ²9
1061 3678 1067 3710 :
1085 3660 1118 3709 D.
1130 3660 1160 3711 C.
1173 3660 1208 3709 xl.
1219 3660 1244 3721 6,
1256 3664 1270 3719 l
1283 3674 1305 3711 t.

358 3728 504 3775 testudine
544 3728 627 3776 fecta
669 3724 725 3774 'l'he
759 3732 823 3775 term
904 3727 1066 3777 funditores
1075 3729 1214 3777 Baleares
1241 3726 1297 3776 The
1304 3733 1373 3789 story

327 3789 456 3850 ‘testudo,'
477 3807 506 3839 as
528 3790 586 3841 here
610 3789 679 3851 used,
702 3805 787 3840 means
807 3806 824 3840 a
871 3798 938 3841 went
954 3793 1009 3842 thet
1026 3792 1068 3842 the
1083 3792 1212 3842 Balesrian
1228 3792 1291 3857 boys
1306 3806 1371 3841 were

326 3854 385 3905 roof
403 3853 433 3902 of
448 3855 541 3906 ahields
558 3855 640 3906 which
660 3855 703 3905 the
720 3855 824 3907 soldiers
872 3856 979 3907 allowed
996 3873 1030 3908 no
1047 3858 1108 3908 food
1124 3857 1158 3922 by
1171 3858 1237 3908 their
1253 3856 1371 3915 mothers,

326 3919 421 3969 formed
442 3921 476 3984 by
496 3920 598 3986 locking
619 3920 687 3971 them
710 3921 823 3984 together
872 3922 954 3973 unless
973 3923 1032 3988 they
1048 3923 1156 3989 brought
1175 3924 1194 3973 it
1213 3923 1287 3972 down
1309 3919 1371 3970 with

325 3986 405 4034 above
419 3984 485 4034 their
499 3985 625 4043 heads,eo
640 4002 669 4036 as
683 3994 711 4036 to
725 3995 823 4051 protect
872 3987 937 4037 their
958 3988 1044 4054 sliuge
1084 3989 1171 4052 Veget
1194 3988 1213 4038 i.
1237 3985 1283 4036 16:
1301 3985 1370 4036 Flor.

324 4049 472 4101 themselves
492 4053 589 4115 agaim
609 4052 716 4102 missiles
734 4050 760 4101 in
777 4067 822 4117 ψ
871 4050 1297 4118 i43,§5:1.ir.nviii.37,§6.

325 4115 463 4183 proacbing
480 4132 496 4166 a
515 4115 583 4168 wall.
622 4116 677 4168 The
695 4116 782 4168 device
800 4117 822 4167 is
