3234 5134
167 591 216 640 ac
230 589 258 655 3]
409 589 462 640 na·
483 589 607 644 nerto
632 590 800 644 caturco.
853 591 923 643 cm.
954 591 991 643 νι
1162 600 1225 664 ²29

132 745 417 826 5Aurunculeius
436 752 604 818 hiemandi
626 772 726 820 causa
747 755 974 820 consederant
1021 751 1122 822 Hunc
1143 773 1221 819 cum

166 852 307 935 reliquis
321 855 419 922 rebus
434 855 544 924 locum
565 858 730 941 probarat,
744 868 818 924 tum
835 859 927 941 quod
947 858 1124 943 superioris
1143 859 1221 926 anni

167 958 371 1024 munitiones
385 961 537 1044 integrae
557 964 748 1042 manebant,
761 971 800 1029 ut
817 962 960 1028 militum
974 961 1123 1030 laborem
1140 962 1220 1030 sub·

165 1059 305 1128 levaret.
359 1063 525 1132 Praesidio
548 1065 797 1149 impedimentis
821 1065 984 1150 legionem
1010 1067 1221 1149 quartamde-

28 1225 33 1236 ,
167 1165 296 1231 cimam
325 1168 465 1252 reliquit,
494 1190 597 1235 unam
634 1190 679 1235 ex
715 1169 768 1234 his
803 1168 922 1248 tribus,
948 1189 1032 1252 quas
1068 1172 1222 1255 proxime

32 1353 37 1364 .
134 1270 375 1355 oconscriptas
392 1293 436 1338 ex
461 1274 558 1340 Italia
579 1275 785 1342 traduxerat.
831 1274 875 1339 Ei
897 1274 1019 1358 legioni
1039 1275 1222 1360 castrisque

169 1372 335 1457 Quintum
379 1376 526 1443 Tullium
564 1377 758 1444 Ciceronem
801 1375 951 1462 praeficit
994 1379 1221 1463 ducentosque

168 1479 299 1561 equites
319 1481 482 1548 attribuit

108 1606 155 1661 38
218 1583 344 1649 Partito
378 1585 526 1652 exercitu
556 1586 673 1652 Titum
710 1586 899 1652 Labienum
927 1605 1004 1654 cum
1033 1585 1220 1669 legionibus
1233 1595 1320 1674 ‘reple

27 1677 33 1686 ’
169 1684 277 1751 tribus
292 1690 335 1753 ad
351 1687 523 1755 Oceanum
542 1710 657 1754 versus
672 1689 706 1754 in
726 1709 782 1754 eas
804 1697 924 1772 partes,
939 1708 1025 1772 quae
1044 1689 1220 1773 Menapios
1232 1662 1382 1792 {ffififfie

27 1857 32 1868 ¹
139 1791 350 1875 zattingunt,
370 1793 532 1875 proficisci
553 1792 665 1870 iubet3
688 1791 811 1858 Gaium
831 1792 1036 1859 Trebonium
1057 1812 1132 1857 cum
1147 1795 1220 1877 pari
1232 1807 1327 1858 enemy.

29 1971 33 1978 1
169 1893 338 1979 legionum
354 1916 494 1962 numero
508 1896 552 1961 ad
570 1917 645 1962 eam
664 1897 843 1980 regionem,
859 1916 945 1980 quae
961 1898 1006 1963 ad
1021 1896 1221 1964 Aduatucos

26 1991 30 2084 J
140 1999 308 2078 sadiacet,
331 2001 599 2085 depopulandam
623 2000 744 2078 mittit;
767 2000 839 2085 ipse
859 2020 935 2066 cum
958 1999 1093 2084 reliquis
1115 2001 1221 2066 tribus

26 2095 31 2104 ’
169 2104 214 2167 ad
229 2103 352 2168 flumen
370 2103 537 2183 scaldem,
550 2107 640 2190 quod
658 2105 765 2170 influit
780 2106 814 2170 in
832 2105 973 2179 Mosam,
988 2115 1222 2189 extremasque

26 2281 27 2286 ἵ
170 2206 372 2274 Arduennae
392 2219 504 2292 partes
526 2211 572 2274 ire
592 2209 771 2285 constituit,
788 2229 857 2293 quo
877 2228 953 2275 cum
975 2210 1087 2293 paucis
1101 2210 1221 2293 equiti·

26 2309 29 2314 ’
139 2311 233 2385 4bus
258 2310 442 2395 profectum
468 2312 699 2397 Ambiorigem
724 2313 889 2378 audiebat.
935 2313 1119 2378 Discedens
1143 2323 1220 2397 post
1232 2322 1324 2373 crem

26 2411 27 2416 ’
170 2415 261 2479 diem
286 2418 465 2499 septimum
489 2437 562 2482 sese
586 2437 791 2483 reversurum
821 2416 1013 2494 confirmat3
1044 2435 1145 2500 quam
1175 2419 1219 2483 ad
1231 2389 1386 2506 ffiffl

25 2605 26 2610 ἵ
170 2519 260 2582 diem
281 2520 311 2584 ei
335 2519 465 2605 legioni,
483 2542 570 2604 quae
592 2522 625 2584 in
645 2521 807 2604 praesidio
830 2519 1084 2603 relinquebatur,
1105 2520 1218 2588 deberi
1231 2519 1349 2584 dxdeyc

25 2695 26 2700 ἵ
142 2621 373 2701 5lrumentum
388 2625 522 2691 sciebat
567 2624 754 2691 Labienum
769 2623 1043 2707 Treboniumque
1058 2625 1219 2700 hortatur,

170 2727 197 2791 si
224 2727 269 2790 rei
295 2728 448 2811 publicae
473 2730 654 2795 commodo
672 2727 780 2794 iacere
802 2728 939 2811 possint,
962 2729 1006 2794 ad
1028 2749 1106 2794 eum
1127 2729 1219 2796 diem

170 2842 383 2911 revertantur,
414 2844 452 2899 ut
480 2855 592 2899 rursus
620 2834 866 2900 communicato
895 2833 1034 2900 consilio
1064 2834 1219 2919 explora·

170 2938 279 3021 tisque
307 2937 452 3004 hostium
483 2937 666 3004 rationibus
692 2938 784 3003 aliud
814 2937 946 3003 initium
982 2937 1062 3004 belli
1099 2959 1219 3023 capere

169 3052 314 3126 possent.

117 3161 158 3216 34
213 3146 306 3225 Erat,
327 3157 363 3210 ut
395 3165 496 3229 supra
517 3147 828 3222 demonstravimus,
851 3166 970 3212 manus
998 3157 1088 3212 certa
1119 3145 1218 3220 nulla,
1231 3152 1344 3231 quere

170 3269 236 3313 non
252 3251 423 3335 oppidum,
437 3269 504 3314 non
518 3249 729 3333 praesidium,
745 3250 836 3335 quod
851 3271 889 3317 se
903 3250 1003 3315 arnus
1017 3249 1218 3326 defenderet,
1230 3218 1363 3334 Qum}

144 3354 227 3418 ised
242 3355 275 3418 in
290 3374 407 3419 omnes
421 3362 532 3438 parter
547 3353 698 3438 dispersa
712 3354 904 3420 multitudo.
940 3353 1009 3420 Ubi
1024 3354 1145 3437 cuique
1158 3364 1217 3419 aut

169 3456 269 3522 valles
283 3458 397 3523 abdita
411 3467 470 3523 aut
485 3457 576 3523 locus
591 3457 749 3523 silvestris
763 3469 822 3523 aut
837 3458 932 3542 palus
947 3457 1107 3540 impedita
1122 3477 1217 3540 spem

143 3591 157 3641 3
170 3561 319 3644 praesidii
334 3573 392 3628 aut
406 3562 523 3628 salutis
536 3562 682 3646 aliquam
697 3562 869 3643 offerebat,
883 3562 1087 3627 consederat
1123 3561 1219 3629 Haec

199 3756 244 3803 88,
258 3757 271 3813 t
284 3767 307 3815 3.
324 3755 585 3805 indultinlloeam
608 3753 664 3805 The
714 3754 757 3805 the
776 3752 936 3804 nominative.
979 3751 1022 3802 He
1039 3751 1100 3802 does
1112 3758 1158 3802 not
1172 3766 1217 3803 use

169 3817 258 3870 ueni
280 3833 310 3867 or
330 3817 437 3869 Schelde
457 3819 518 3869 does
540 3827 584 3870 not
606 3818 665 3869 now
714 3817 821 3869 ‘sellu'
854 3817 940 3883 Vergil
959 3818 1033 3882 (Aen.
1052 3815 1216 3881 xi.5aa)haa

168 3884 220 3935 lnto
237 3883 280 3934 the
299 3884 394 3943 Mense,
409 3883 506 3951 though
526 3885 547 3937 it
561 3899 620 3950 may
632 3885 664 3936 be
714 3884 758 3936 the
768 3899 837 3935 nme
847 3884 1000 3936 lorm-‘est
1012 3897 1087 3936 curvo
1102 3882 1216 3934 anfractu

167 3948 545 4014 rsidtojolnitstthemonth.
713 3947 808 4001 velles!
843 3948 925 3999 InAl.
939 3961 979 4013 50,
992 3952 1005 4009 ς
1020 3962 1031 3997 1
1049 3964 1087 4001 we
1105 3947 1157 3998 find
1171 3943 1215 3999 the

197 4019 241 4066 u
258 4020 307 4077 §a
324 4018 422 4066 vallea
454 4016 485 4066 In
501 4016 544 4068 di.
560 4030 602 4080 47,
620 4018 662 4075 §a
712 4013 943 4067 nom‘coovallia'

168 4081 239 4145 again
255 4081 348 4133 Caesar
361 4081 475 4147 employa
490 4081 541 4134 this
553 4081 618 4132 form
635 4080 665 4132 of
