3234 5134
194 653 238 702 ss.
250 647 278 715 5]
445 647 499 699 nn
521 647 841 700 hermanarico.
894 648 967 700 ars.
997 649 1023 698 ν
1186 653 1247 717 179

193 811 367 895 legionem,
381 832 483 895 quarn
507 813 659 898 proxime
680 823 773 878 trans
793 814 922 878 Padurn
944 813 1192 896 conscripserat,
1211 823 1244 878 et

195 915 348 980 cohortes
366 930 390 979 v
406 917 439 979 in
456 915 639 994 Eburones,
659 937 801 999 quorum
824 938 899 1000 pars
920 918 1067 982 maxima
1087 927 1138 982 est
1160 918 1246 982 inter

196 1018 328 1084 Mosam
359 1039 398 1085 ac
429 1019 594 1094 Rhenum,
624 1022 681 1103 qui
713 1021 776 1085 sub
807 1021 947 1104 imperio
973 1020 1180 1106 Ambiorigis
1209 1032 1245 1086 et

166 1141 181 1191 5
197 1120 368 1187 Catuvolci
384 1134 487 1202 erant,
502 1125 598 1189 misit
644 1125 708 1188 His
723 1124 884 1189 militibus
900 1123 1062 1208 Quintum
1077 1126 1243 1189 Titurium

196 1226 358 1293 Sabinum
395 1237 429 1293 et
464 1228 614 1293 Lucium·
642 1228 906 1292 Aurunculeium
945 1228 1079 1294 Cottam
1116 1229 1245 1313 legatos

166 1345 346 1415 opraeesse
361 1332 463 1396 iussit
507 1331 565 1396 Ad
587 1332 674 1395 hunc
696 1332 834 1397 modum
855 1332 1040 1398 distributis
1059 1330 1244 1416 legionibus

196 1432 350 1499 facillime
366 1435 496 1519 inopiae
517 1434 753 1500 frumentariae
774 1456 847 1500 sese
867 1435 991 1500 mederi
1012 1437 1244 1518 posseexisti·

168 1565 182 1620 7
197 1539 310 1603 mavit.
355 1538 471 1622 Atque
485 1540 602 1603 harum
620 1547 733 1604 tamen
751 1540 898 1604 omnium
919 1539 1085 1622 legionum
1106 1540 1245 1605 hiberna

196 1655 327 1727 praeter
355 1663 438 1720 eam,
462 1663 564 1726 quam
591 1643 697 1708 Lucio
724 1643 847 1709 Roscio
873 1644 907 1707 in
935 1644 1180 1727 pacatissimam
1210 1657 1245 1711 et

195 1747 436 1829 quietissimam
450 1757 578 1829 partem
588 1747 774 1811 ducendam
787 1748 932 1826 dederat,
942 1747 1073 1812 milibus
1087 1768 1245 1830 passuum

167 1862 329 1916 tacentum
363 1851 626 1916 continebantur.
673 1852 752 1934 Ipse
787 1853 921 1930 interea,
953 1852 1065 1935 quoad
1098 1852 1245 1935 legiones

196 1955 374 2021 collocatas
412 1956 604 2038 munitaque
638 1955 777 2020 hiberna
814 1955 1033 2040 cognovisset,
1064 1956 1098 2020 in
1136 1954 1245 2021 Gallia

197 2061 316 2124 morari
331 2059 512 2125 constituit

140 2168 183 2222 25
241 2164 348 2228 Erat
339 2184 372 2228 ιιι
388 2163 591 2230 Carnutibus
604 2184 737 2230 summo
751 2163 827 2229 loco
842 2173 940 2229 natus
955 2165 1141 2248 Tasgetius,
1153 2163 1245 2230 cuius
1257 2171 1401 2222 neuma-

115 2255 117 2258 ’
170 2269 338 2333 rmaiores
375 2267 409 2330 in
446 2287 506 2332 sua
542 2268 676 2333 civitate
709 2287 848 2352 regnum
882 2268 1106 2333 obtinuerant.
1153 2245 1338 2354 HuicT⁰⁰⁰

198 2370 321 2437 Caesar
344 2391 404 2455 pro
427 2371 498 2435 eius
517 2372 638 2435 virtute
661 2381 762 2455 atque
785 2372 819 2436 in
842 2392 879 2436 se
900 2371 1137 2450 benevolentia,
1152 2373 1244 2455 quod
1255 2304 1388 2486 {53:¹¹³

198 2475 232 2539 in
247 2473 401 2540 omnibus
415 2473 511 2539 bellis
528 2475 683 2558 singulari
701 2476 772 2540 eius
792 2495 894 2558 opera
913 2475 1018 2539 fuerat
1035 2496 1125 2553 usus,
1140 2477 1243 2542 maio-

169 2596 272 2646 srum
308 2579 417 2644 locum
455 2579 651 2644 restituerat
706 2578 904 2643 Tertium
895 2599 961 2643 ram
998 2579 1085 2644 hunc
1121 2601 1245 2645 annum

199 2693 393 2769 regnantem
426 2682 559 2763 inimici,
595 2682 698 2749 etiarn
735 2681 848 2747 multis
886 2682 997 2765 palam
1031 2704 1075 2748 ex
1112 2685 1247 2750 civitate

198 2788 396 2864 auctoribus,
427 2782 535 2876 [eum]
569 2786 811 2852 interfecerunt
856 2784 1012 2852 Defertur
1045 2809 1085 2853 ea
1120 2810 1170 2854 res
1202 2790 1246 2854 ad

169 2892 386 2959 4Caesarem.
435 2892 496 2955 llle
517 2890 648 2970 veritus,
670 2892 762 2973 quod
783 2892 827 2956 ad
851 2890 960 2974 plures
984 2893 1180 2975 pertinebat,
1203 2913 1245 2957 ne
1258 2911 1396 2960 simensis

197 2998 313 3063 civitas
335 3016 449 3061 eorum
473 2992 616 3078 impulsu
638 2993 804 3073 deficeret,
826 2995 966 3060 Lucium
988 2996 1146 3061 Plancum
1168 3018 1245 3063 cum
1256 2977 1378 3093 peplum

198 3102 329 3186 legione
351 3122 395 3165 ex
418 3098 534 3184 Belgio
556 3098 735 3164 celeriter
726 3120 759 3163 ιιι
783 3097 947 3164 Carnutes
970 3100 1130 3183 proficisci
1153 3101 1245 3165 iubet
1258 3114 1368 3170 country·

199 3206 312 3288 ibique
325 3205 478 3285 hiemare,
493 3223 700 3287 quorumque
716 3223 819 3286 opera
836 3214 1037 3287 cognoverat
1052 3204 1245 3288 Tasgetium
1346 3287 1352 3296 .

169 3308 416 3385 tinterfectum,
433 3307 495 3373 hos
517 3307 774 3390 comprehensos
795 3308 841 3372 ad
863 3328 899 3372 se
921 3308 1060 3372 mittere.
1107 3307 1245 3372 Interim

199 3414 244 3477 ab
259 3413 412 3477 omnibus
426 3411 545 3496 legatis
560 3414 746 3495 quibusque
761 3411 909 3496 legiones
924 3413 1114 3489 tradiderat,
1125 3412 1247 3477 certior

198 3554 698 3620 eonsulinsc4s.HeisrheP12ncus
747 3556 842 3605 durant
853 3554 913 3605 than
924 3554 975 3604 this
985 3555 1049 3605 from
1060 3571 1107 3607 one
1118 3555 1229 3607 another

198 3622 228 3671 of
240 3621 340 3670 Horace
354 3621 516 3686 (Carnam,
531 3623 573 3687 19)
592 3621 640 3672 and
654 3623 697 3671 the
780 3625 824 3671 25.
847 3625 905 3682 53.
929 3624 1048 3671 inimici
1088 3621 1143 3671 'l'be
1172 3622 1245 3674 MSS.

198 3687 303 3738 founder
314 3685 344 3736 of
351 3686 429 3750 Lyon.
747 3684 806 3736 here
813 3686 891 3736 hare‘
897 3686 1018 3735 iuimicls'
1011 3701 1061 3735 ram
1068 3687 1244 3754 multispnlrrm

232 3757 281 3816 57.
295 3755 424 3801 millibus
432 3768 566 3810 numum
574 3759 697 3803 centum
747 3767 778 3800 ex
799 3751 899 3801 civitate
920 3758 946 3800 et
967 3751 998 3800 iis
1024 3754 1166 3804 meroribus
1187 3771 1245 3806 eum

199 3818 265 3883 Nep.
278 3817 318 3866 111
329 3817 400 3867 tales
415 3817 602 3867 thistornean·
611 3818 697 3868 within
747 3814 936 3867 interfeoernnt'

198 3883 309 3933 eradius
324 3883 354 3932 of
365 3897 412 3931 100
426 3881 514 3932 miles?
548 3883 584 3933 Μ,
597 3883 696 3947 Desj·ar
782 3886 832 3945 53.
849 3885 1009 3942 quibusque
1020 3885 1146 3942 Ismenen
1157 3888 1246 3936 tradi

197 3949 254 3999 dins
264 3948 370 3999 thinks'
362 3956 382 3998 rt
397 3947 486 3998 should
500 3947 532 3998 be
547 3949 696 3998 understood
748 3951 837 3998 daret.
870 3946 961 4012 See24
961 3951 1075 4011 ,3353
1074 3949 1157 4013 355
1190 3952 1247 4003 The

197 4015 227 4065 of
240 4016 283 4065 tbe
297 4015 419 4064 diameter
434 4014 515 4063 rather
531 4014 592 4064 than
609 4014 639 4065 of
654 4014 698 4064 the
747 4012 819 4063 tiss.
831 4012 889 4063 here
901 4014 984 4064 hove
990 3964 1248 4081 abomnibuslegatis

198 4080 288 4136 radius,
308 4079 384 4130 while
404 4080 520 4144 grandng
544 4079 599 4130 rhat
626 4096 654 4129 as
682 4096 697 4128 a
747 4080 977 4166 quaestoribpsqne,
1012 4081 1102 4146 quibus
1136 4082 1249 4148 legiones

196 4155 285 4198 matter
293 4146 380 4197 offset
391 4146 597 4212 thecampewere
605 4145 699 4196 further
746 4142 898 4196 tradiderat'

693 4244 756 4295 Na
