<?xml version="1.0" encoding="UTF-8"?>
<!DOCTYPE html PUBLIC "-//W3C//DTD XHTML 1.0 Transitional//EN"
    "http://www.w3.org/TR/xhtml1/DTD/xhtml1-transitional.dtd">
<html xmlns="http://www.w3.org/1999/xhtml" xml:lang="en" lang="en">
 <head>
  <title>
</title>
<meta http-equiv="Content-Type" content="text/html;charset=utf-8" />
  <meta name='ocr-system' content='tesseract 3.04.00' />
  <meta name='ocr-capabilities' content='ocr_page ocr_carea ocr_par ocr_line ocrx_word'/>
</head>
<body>
  <div class='ocr_page' id='page_1' title='image "./debellogallicob00stocgoog_0493.png"; bbox 0 0 3234 5134; ppageno 0'>
   <div class='ocr_carea' id='block_1_1' title="bbox 193 611 1242 689">
    <p class='ocr_par' dir='ltr' id='par_1_1' title="bbox 193 611 1242 689">
     <span class='ocr_line' id='line_1_1' title="bbox 193 611 1242 689; baseline 0 -19"><span class='ocrx_word' id='word_1_1' title='bbox 193 623 237 670; x_wconf 81' lang='lat' dir='ltr'>so.</span> <span class='ocrx_word' id='word_1_2' title='bbox 250 619 279 685; x_wconf 78' lang='lat'>7]</span> <span class='ocrx_word' id='word_1_3' title='bbox 423 620 477 670; x_wconf 82' lang='lat' dir='ltr'>m:</span> <span class='ocrx_word' id='word_1_4' title='bbox 499 618 622 670; x_wconf 72' lang='lat' dir='ltr'>sento</span> <span class='ocrx_word' id='word_1_5' title='bbox 647 619 816 672; x_wconf 70' lang='lat' dir='ltr'>caturco.</span> <span class='ocrx_word' id='word_1_6' title='bbox 869 620 938 672; x_wconf 75' lang='lat' dir='ltr'>rra.</span> <span class='ocrx_word' id='word_1_7' title='bbox 967 620 1020 671; x_wconf 84' lang='grc' dir='ltr'>νιι</span> <span class='ocrx_word' id='word_1_8' title='bbox 1181 611 1242 689; x_wconf 74' lang='lat'>263</span> 
     </span>
    </p>
   </div>
   <div class='ocr_carea' id='block_1_2' title="bbox 127 779 1414 3773">
    <p class='ocr_par' dir='ltr' id='par_1_2' title="bbox 193 779 1241 970">
     <span class='ocr_line' id='line_1_2' title="bbox 193 779 1240 866; baseline -0.002 -19"><span class='ocrx_word' id='word_1_9' title='bbox 193 792 327 863; x_wconf 87' lang='lat' dir='ltr'>paratos</span> <span class='ocrx_word' id='word_1_10' title='bbox 364 782 484 862; x_wconf 86' lang='lat' dir='ltr'>videat,</span> <span class='ocrx_word' id='word_1_11' title='bbox 513 791 550 846; x_wconf 92' lang='lat' dir='ltr'>ut</span> <span class='ocrx_word' id='word_1_12' title='bbox 583 782 709 847; x_wconf 93' lang='lat' dir='ltr'>nullum</span> <span class='ocrx_word' id='word_1_13' title='bbox 747 804 807 866; x_wconf 90' lang='lat' dir='ltr'>pro</span> <span class='ocrx_word' id='word_1_14' title='bbox 843 803 903 846; x_wconf 90' lang='lat' dir='ltr'>sua</span> <span class='ocrx_word' id='word_1_15' title='bbox 932 780 1031 847; x_wconf 87' lang='lat' dir='ltr'>laude</span> <span class='ocrx_word' id='word_1_16' title='bbox 1060 779 1240 865; x_wconf 87' lang='lat' dir='ltr'>periculum</span> 
     </span>
     <span class='ocr_line' id='line_1_3' title="bbox 194 884 1241 970; baseline -0.001 -21"><span class='ocrx_word' id='word_1_17' title='bbox 194 895 355 965; x_wconf 84' lang='lat' dir='ltr'>recusent,</span> <span class='ocrx_word' id='word_1_18' title='bbox 372 906 522 951; x_wconf 87' lang='lat' dir='ltr'>summae</span> <span class='ocrx_word' id='word_1_19' title='bbox 544 907 581 951; x_wconf 89' lang='lat' dir='ltr'>se</span> <span class='ocrx_word' id='word_1_20' title='bbox 603 887 784 970; x_wconf 86' lang='lat' dir='ltr'>iniquitatis</span> <span class='ocrx_word' id='word_1_21' title='bbox 801 886 1013 951; x_wconf 86' lang='lat' dir='ltr'>condemnari</span> <span class='ocrx_word' id='word_1_22' title='bbox 1035 884 1166 963; x_wconf 88' lang='lat' dir='ltr'>debere,</span> <span class='ocrx_word' id='word_1_23' title='bbox 1180 885 1241 949; x_wconf 90' lang='lat' dir='ltr'>nisi</span> 
     </span>
    </p>

    <p class='ocr_par' dir='ltr' id='par_1_3' title="bbox 163 989 1241 1366">
     <span class='ocr_line' id='line_1_4' title="bbox 163 989 1240 1055; baseline 0 -3"><span class='ocrx_word' id='word_1_24' title='bbox 163 1002 308 1053; x_wconf 70' lang='lat' dir='ltr'>deorum</span> <span class='ocrx_word' id='word_1_25' title='bbox 329 990 433 1055; x_wconf 91' lang='lat' dir='ltr'>vitam</span> <span class='ocrx_word' id='word_1_26' title='bbox 456 1011 517 1055; x_wconf 87' lang='lat' dir='ltr'>sua</span> <span class='ocrx_word' id='word_1_27' title='bbox 540 990 647 1055; x_wconf 90' lang='lat' dir='ltr'>salute</span> <span class='ocrx_word' id='word_1_28' title='bbox 668 990 790 1055; x_wconf 88' lang='lat' dir='ltr'>habeat</span> <span class='ocrx_word' id='word_1_29' title='bbox 815 989 992 1055; x_wconf 66' lang='lat' dir='ltr'>cariorem!</span> <span class='ocrx_word' id='word_1_30' title='bbox 1039 989 1094 1055; x_wconf 92' lang='lat' dir='ltr'>Sic</span> <span class='ocrx_word' id='word_1_31' title='bbox 1120 990 1240 1053; x_wconf 84' lang='lat' dir='ltr'><strong>milites</strong></span> 
     </span>
     <span class='ocr_line' id='line_1_5' title="bbox 192 1093 1240 1177; baseline -0.001 -19"><span class='ocrx_word' id='word_1_32' title='bbox 192 1093 381 1158; x_wconf 85' lang='lat' dir='ltr'><strong>consolatus</strong></span> <span class='ocrx_word' id='word_1_33' title='bbox 395 1095 515 1159; x_wconf 89' lang='lat' dir='ltr'>eodem</span> <span class='ocrx_word' id='word_1_34' title='bbox 534 1095 589 1159; x_wconf 92' lang='lat' dir='ltr'>die</span> <span class='ocrx_word' id='word_1_35' title='bbox 610 1094 734 1159; x_wconf 88' lang='lat' dir='ltr'>reducit</span> <span class='ocrx_word' id='word_1_36' title='bbox 749 1095 783 1157; x_wconf 95' lang='lat' dir='ltr'>in</span> <span class='ocrx_word' id='word_1_37' title='bbox 807 1103 915 1158; x_wconf 87' lang='lat' dir='ltr'>castra</span> <span class='ocrx_word' id='word_1_38' title='bbox 936 1093 1136 1177; x_wconf 89' lang='lat' dir='ltr'>reliquaque,</span> <span class='ocrx_word' id='word_1_39' title='bbox 1154 1113 1240 1177; x_wconf 90' lang='lat' dir='ltr'>quae</span> 
     </span>
     <span class='ocr_line' id='line_1_6' title="bbox 192 1195 1241 1282; baseline 0 -23"><span class='ocrx_word' id='word_1_40' title='bbox 192 1195 235 1259; x_wconf 92' lang='lat' dir='ltr'>ad</span> <span class='ocrx_word' id='word_1_41' title='bbox 271 1198 558 1282; x_wconf 84' lang='lat' dir='ltr'>oppugnationem</span> <span class='ocrx_word' id='word_1_42' title='bbox 603 1196 812 1280; x_wconf 85' lang='lat' dir='ltr'>pertinebant</span> <span class='ocrx_word' id='word_1_43' title='bbox 849 1197 974 1281; x_wconf 90' lang='lat' dir='ltr'>oppidi,</span> <span class='ocrx_word' id='word_1_44' title='bbox 1010 1197 1241 1262; x_wconf 88' lang='lat' dir='ltr'>administrare</span> 
     </span>
     <span class='ocr_line' id='line_1_7' title="bbox 191 1298 341 1366; baseline 0.013 -5"><span class='ocrx_word' id='word_1_45' title='bbox 191 1298 341 1366; x_wconf 89' lang='lat' dir='ltr'>instituit.</span> 
     </span>
    </p>

    <p class='ocr_par' dir='ltr' id='par_1_4' title="bbox 127 1404 1414 1799">
     <span class='ocr_line' id='line_1_8' title="bbox 127 1404 1385 1490; baseline 0 -20"><span class='ocrx_word' id='word_1_46' title='bbox 127 1418 173 1471; x_wconf 78' lang='lat'>20</span> <span class='ocrx_word' id='word_1_47' title='bbox 234 1404 498 1490; x_wconf 86' lang='lat' dir='ltr'>Vercingetorix,</span> <span class='ocrx_word' id='word_1_48' title='bbox 517 1426 593 1470; x_wconf 90' lang='lat' dir='ltr'>cum</span> <span class='ocrx_word' id='word_1_49' title='bbox 617 1406 661 1472; x_wconf 87' lang='lat' dir='ltr'>ad</span> <span class='ocrx_word' id='word_1_50' title='bbox 683 1425 760 1470; x_wconf 89' lang='lat' dir='ltr'>suos</span> <span class='ocrx_word' id='word_1_51' title='bbox 781 1404 928 1480; x_wconf 81' lang='lat' dir='ltr'>redisset,</span> <span class='ocrx_word' id='word_1_52' title='bbox 946 1405 1141 1489; x_wconf 83' lang='lat' dir='ltr'>proditionis</span> <span class='ocrx_word' id='word_1_53' title='bbox 1164 1405 1240 1470; x_wconf 90' lang='lat' dir='ltr'>insi·</span> <span class='ocrx_word' id='word_1_54' title='bbox 1253 1418 1385 1484; x_wconf 64' lang='lat' dir='ltr'>Vercings</span> 
     </span>
     <span class='ocr_line' id='line_1_9' title="bbox 192 1486 1396 1601; baseline 0.003 -31"><span class='ocrx_word' id='word_1_55' title='bbox 192 1508 345 1584; x_wconf 86' lang='lat' dir='ltr'>mulatus,</span> <span class='ocrx_word' id='word_1_56' title='bbox 361 1510 468 1592; x_wconf 92' lang='lat' dir='ltr'>‘quod</span> <span class='ocrx_word' id='word_1_57' title='bbox 489 1520 598 1575; x_wconf 85' lang='lat' dir='ltr'>castra</span> <span class='ocrx_word' id='word_1_58' title='bbox 619 1510 755 1592; x_wconf 90' lang='lat' dir='ltr'>propius</span> <span class='ocrx_word' id='word_1_59' title='bbox 771 1509 945 1572; x_wconf 89' lang='lat' dir='ltr'>Romanos</span> <span class='ocrx_word' id='word_1_60' title='bbox 967 1510 1133 1587; x_wconf 89' lang='lat' dir='ltr'>movisset,</span> <span class='ocrx_word' id='word_1_61' title='bbox 1144 1507 1237 1592; x_wconf 75' lang='lat' dir='ltr'>&#39;quod</span> <span class='ocrx_word' id='word_1_62' title='bbox 1251 1486 1396 1601; x_wconf 42' lang='lat' dir='ltr'><strong>ffi‘ffim·</strong></span> 
     </span>
     <span class='ocr_line' id='line_1_10' title="bbox 190 1612 1401 1696; baseline 0.006 -22"><span class='ocrx_word' id='word_1_63' title='bbox 190 1631 266 1675; x_wconf 87' lang='lat' dir='ltr'>cum</span> <span class='ocrx_word' id='word_1_64' title='bbox 283 1613 373 1676; x_wconf 91' lang='lat' dir='ltr'>omni</span> <span class='ocrx_word' id='word_1_65' title='bbox 388 1614 537 1696; x_wconf 90' lang='lat' dir='ltr'>equitatu</span> <span class='ocrx_word' id='word_1_66' title='bbox 552 1614 763 1690; x_wconf 86' lang='lat' dir='ltr'>discessisset,</span> <span class='ocrx_word' id='word_1_67' title='bbox 780 1613 870 1695; x_wconf 89' lang='lat' dir='ltr'>quod</span> <span class='ocrx_word' id='word_1_68' title='bbox 885 1613 956 1677; x_wconf 88' lang='lat' dir='ltr'>sine</span> <span class='ocrx_word' id='word_1_69' title='bbox 974 1612 1113 1695; x_wconf 88' lang='lat' dir='ltr'>imperio</span> <span class='ocrx_word' id='word_1_70' title='bbox 1126 1622 1238 1677; x_wconf 83' lang='lat' dir='ltr'>tantas</span> <span class='ocrx_word' id='word_1_71' title='bbox 1252 1617 1401 1681; x_wconf 60' lang='lat' dir='ltr'>terragona</span> 
     </span>
     <span class='ocr_line' id='line_1_11' title="bbox 191 1681 1414 1799; baseline 0.002 -21"><span class='ocrx_word' id='word_1_72' title='bbox 191 1715 304 1797; x_wconf 88' lang='lat' dir='ltr'>copias</span> <span class='ocrx_word' id='word_1_73' title='bbox 334 1716 525 1799; x_wconf 86' lang='lat' dir='ltr'>reliquisset,</span> <span class='ocrx_word' id='word_1_74' title='bbox 557 1719 647 1799; x_wconf 94' lang='lat' dir='ltr'>quod</span> <span class='ocrx_word' id='word_1_75' title='bbox 686 1718 756 1781; x_wconf 90' lang='lat' dir='ltr'>eius</span> <span class='ocrx_word' id='word_1_76' title='bbox 784 1716 930 1781; x_wconf 88' lang='lat' dir='ltr'>discessu</span> <span class='ocrx_word' id='word_1_77' title='bbox 961 1716 1105 1780; x_wconf 87' lang='lat' dir='ltr'>Romani</span> <span class='ocrx_word' id='word_1_78' title='bbox 1143 1726 1238 1780; x_wconf 89' lang='lat' dir='ltr'>tanta</span> <span class='ocrx_word' id='word_1_79' title='bbox 1250 1682 1368 1798; x_wconf 42' lang='lat' dir='ltr'>m?</span> <span class='ocrx_word' id='word_1_80' title='bbox 1383 1681 1414 1731; x_wconf 45' lang='grc' dir='ltr'>οἱ</span> 
     </span>
    </p>

    <p class='ocr_par' dir='ltr' id='par_1_5' title="bbox 162 1818 1240 2203">
     <span class='ocr_line' id='line_1_12' title="bbox 163 1818 1239 1901; baseline 0 -19"><span class='ocrx_word' id='word_1_81' title='bbox 163 1821 440 1901; x_wconf 79' lang='lat' dir='ltr'>20pportunitate</span> <span class='ocrx_word' id='word_1_82' title='bbox 465 1832 499 1887; x_wconf 87' lang='lat' dir='ltr'>et</span> <span class='ocrx_word' id='word_1_83' title='bbox 525 1819 693 1885; x_wconf 88' lang='lat' dir='ltr'>celeritate</span> <span class='ocrx_word' id='word_1_84' title='bbox 715 1821 993 1885; x_wconf 88' lang='lat' dir='ltr'>venissent-non</span> <span class='ocrx_word' id='word_1_85' title='bbox 1019 1818 1101 1884; x_wconf 89' lang='lat' dir='ltr'>haec</span> <span class='ocrx_word' id='word_1_86' title='bbox 1127 1820 1239 1884; x_wconf 93' lang='lat' dir='ltr'>omnia</span> 
     </span>
     <span class='ocr_line' id='line_1_13' title="bbox 190 1924 1238 2008; baseline 0.001 -22"><span class='ocrx_word' id='word_1_87' title='bbox 190 1924 325 1988; x_wconf 82' lang='lat' dir='ltr'>fortuito</span> <span class='ocrx_word' id='word_1_88' title='bbox 354 1935 412 1989; x_wconf 92' lang='lat' dir='ltr'>aut</span> <span class='ocrx_word' id='word_1_89' title='bbox 442 1925 512 1989; x_wconf 89' lang='lat' dir='ltr'>sine</span> <span class='ocrx_word' id='word_1_90' title='bbox 549 1925 687 1989; x_wconf 91' lang='lat' dir='ltr'>consilio</span> <span class='ocrx_word' id='word_1_91' title='bbox 716 1924 865 1989; x_wconf 85' lang='lat' dir='ltr'>accidere</span> <span class='ocrx_word' id='word_1_92' title='bbox 894 1925 1064 2008; x_wconf 89' lang='lat' dir='ltr'>potuisse;</span> <span class='ocrx_word' id='word_1_93' title='bbox 1101 1944 1238 2008; x_wconf 86' lang='lat' dir='ltr'>regnum</span> 
     </span>
     <span class='ocr_line' id='line_1_14' title="bbox 191 2026 1240 2111; baseline 0.002 -22"><span class='ocrx_word' id='word_1_94' title='bbox 191 2026 283 2091; x_wconf 93' lang='lat' dir='ltr'>illum</span> <span class='ocrx_word' id='word_1_95' title='bbox 311 2027 441 2093; x_wconf 88' lang='lat' dir='ltr'>Galliae</span> <span class='ocrx_word' id='word_1_96' title='bbox 468 2027 566 2092; x_wconf 89' lang='lat' dir='ltr'>malle</span> <span class='ocrx_word' id='word_1_97' title='bbox 593 2026 746 2093; x_wconf 82' lang='lat' dir='ltr'>Caesaris</span> <span class='ocrx_word' id='word_1_98' title='bbox 775 2048 932 2094; x_wconf 87' lang='lat' dir='ltr'>concessu</span> <span class='ocrx_word' id='word_1_99' title='bbox 962 2047 1062 2110; x_wconf 91' lang='lat' dir='ltr'>quam</span> <span class='ocrx_word' id='word_1_100' title='bbox 1093 2027 1240 2111; x_wconf 90' lang='lat' dir='ltr'>ipsorum</span> 
     </span>
     <span class='ocr_line' id='line_1_15' title="bbox 162 2131 1240 2203; baseline 0.002 -9"><span class='ocrx_word' id='word_1_101' title='bbox 162 2132 312 2203; x_wconf 70' lang='lat' dir='ltr'>shabere</span> <span class='ocrx_word' id='word_1_102' title='bbox 347 2131 586 2196; x_wconf 87' lang='lat' dir='ltr'>beneficio&#39;-:</span> <span class='ocrx_word' id='word_1_103' title='bbox 622 2132 682 2196; x_wconf 92' lang='lat' dir='ltr'>tali</span> <span class='ocrx_word' id='word_1_104' title='bbox 726 2134 828 2197; x_wconf 92' lang='lat' dir='ltr'>modo</span> <span class='ocrx_word' id='word_1_105' title='bbox 864 2141 1037 2197; x_wconf 89' lang='lat' dir='ltr'>accusatus</span> <span class='ocrx_word' id='word_1_106' title='bbox 1078 2133 1121 2195; x_wconf 91' lang='lat' dir='ltr'>ad</span> <span class='ocrx_word' id='word_1_107' title='bbox 1158 2132 1240 2197; x_wconf 87' lang='lat' dir='ltr'>haec</span> 
     </span>
    </p>

    <p class='ocr_par' dir='ltr' id='par_1_6' title="bbox 138 2228 1239 2527">
     <span class='ocr_line' id='line_1_16' title="bbox 138 2228 1239 2319; baseline 0 -20"><span class='ocrx_word' id='word_1_108' title='bbox 138 2228 145 2239; x_wconf 86' lang='grc'>’</span> <span class='ocrx_word' id='word_1_109' title='bbox 190 2237 381 2318; x_wconf 88' lang='lat' dir='ltr'>respondit:</span> <span class='ocrx_word' id='word_1_110' title='bbox 405 2236 512 2318; x_wconf 91' lang='lat' dir='ltr'>‘quod</span> <span class='ocrx_word' id='word_1_111' title='bbox 534 2245 641 2300; x_wconf 87' lang='lat' dir='ltr'>castra</span> <span class='ocrx_word' id='word_1_112' title='bbox 661 2236 831 2315; x_wconf 86' lang='lat' dir='ltr'>movisset,</span> <span class='ocrx_word' id='word_1_113' title='bbox 845 2236 968 2301; x_wconf 84' lang='lat' dir='ltr'>iactum</span> <span class='ocrx_word' id='word_1_114' title='bbox 989 2237 1103 2319; x_wconf 91' lang='lat' dir='ltr'>inopia</span> <span class='ocrx_word' id='word_1_115' title='bbox 1125 2236 1239 2319; x_wconf 87' lang='lat' dir='ltr'>pabuli</span> 
     </span>
     <span class='ocr_line' id='line_1_17' title="bbox 190 2337 1239 2423; baseline 0.003 -21"><span class='ocrx_word' id='word_1_116' title='bbox 190 2340 290 2402; x_wconf 91' lang='lat' dir='ltr'>etiam</span> <span class='ocrx_word' id='word_1_117' title='bbox 314 2339 392 2423; x_wconf 91' lang='lat' dir='ltr'>ipsis</span> <span class='ocrx_word' id='word_1_118' title='bbox 414 2337 644 2417; x_wconf 85' lang='lat' dir='ltr'>hortantibus3</span> <span class='ocrx_word' id='word_1_119' title='bbox 667 2340 757 2422; x_wconf 92' lang='lat' dir='ltr'>quod</span> <span class='ocrx_word' id='word_1_120' title='bbox 779 2340 915 2422; x_wconf 90' lang='lat' dir='ltr'>propius</span> <span class='ocrx_word' id='word_1_121' title='bbox 938 2340 1109 2404; x_wconf 90' lang='lat' dir='ltr'>Romanos</span> <span class='ocrx_word' id='word_1_122' title='bbox 1131 2360 1239 2405; x_wconf 87' lang='lat' dir='ltr'>acces-</span> 
     </span>
     <span class='ocr_line' id='line_1_18' title="bbox 189 2442 1239 2527; baseline 0.001 -22"><span class='ocrx_word' id='word_1_123' title='bbox 189 2442 294 2521; x_wconf 87' lang='lat' dir='ltr'>sisset,</span> <span class='ocrx_word' id='word_1_124' title='bbox 310 2462 501 2525; x_wconf 89' lang='lat' dir='ltr'>persuasum</span> <span class='ocrx_word' id='word_1_125' title='bbox 518 2442 581 2507; x_wconf 90' lang='lat' dir='ltr'>loci</span> <span class='ocrx_word' id='word_1_126' title='bbox 596 2443 857 2526; x_wconf 88' lang='lat' dir='ltr'>opportunitate,</span> <span class='ocrx_word' id='word_1_127' title='bbox 871 2443 928 2527; x_wconf 91' lang='lat' dir='ltr'>qui</span> <span class='ocrx_word' id='word_1_128' title='bbox 944 2463 980 2506; x_wconf 93' lang='lat' dir='ltr'>se</span> <span class='ocrx_word' id='word_1_129' title='bbox 996 2444 1067 2527; x_wconf 89' lang='lat' dir='ltr'>ipse</span> <span class='ocrx_word' id='word_1_130' title='bbox 1081 2444 1153 2507; x_wconf 89' lang='lat' dir='ltr'>sine</span> <span class='ocrx_word' id='word_1_131' title='bbox 1169 2465 1239 2508; x_wconf 90' lang='lat' dir='ltr'>mo-</span> 
     </span>
    </p>

    <p class='ocr_par' dir='ltr' id='par_1_7' title="bbox 158 2546 1238 3773">
     <span class='ocr_line' id='line_1_19' title="bbox 161 2546 1238 2630; baseline 0.005 -23"><span class='ocrx_word' id='word_1_132' title='bbox 161 2546 313 2616; x_wconf 68' lang='lat' dir='ltr'>rnitione</span> <span class='ocrx_word' id='word_1_133' title='bbox 329 2547 540 2625; x_wconf 78' lang='lat' dir='ltr'>defenderet;</span> <span class='ocrx_word' id='word_1_134' title='bbox 564 2549 715 2630; x_wconf 89' lang='lat' dir='ltr'>equitum</span> <span class='ocrx_word' id='word_1_135' title='bbox 734 2566 814 2611; x_wconf 87' lang='lat' dir='ltr'>vero</span> <span class='ocrx_word' id='word_1_136' title='bbox 832 2566 968 2629; x_wconf 89' lang='lat' dir='ltr'>operam</span> <span class='ocrx_word' id='word_1_137' title='bbox 987 2566 1095 2630; x_wconf 90' lang='lat' dir='ltr'>neque</span> <span class='ocrx_word' id='word_1_138' title='bbox 1110 2548 1144 2611; x_wconf 90' lang='lat' dir='ltr'>in</span> <span class='ocrx_word' id='word_1_139' title='bbox 1164 2546 1238 2613; x_wconf 94' lang='lat' dir='ltr'>loco</span> 
     </span>
     <span class='ocr_line' id='line_1_20' title="bbox 190 2649 1237 2734; baseline 0.004 -23"><span class='ocrx_word' id='word_1_140' title='bbox 190 2649 327 2730; x_wconf 82' lang='lat' dir='ltr'>palustri</span> <span class='ocrx_word' id='word_1_141' title='bbox 358 2651 536 2715; x_wconf 89' lang='lat' dir='ltr'>desiderari</span> <span class='ocrx_word' id='word_1_142' title='bbox 563 2651 718 2716; x_wconf 87' lang='lat' dir='ltr'>debuisse</span> <span class='ocrx_word' id='word_1_143' title='bbox 741 2660 776 2714; x_wconf 93' lang='lat' dir='ltr'>et</span> <span class='ocrx_word' id='word_1_144' title='bbox 803 2650 870 2714; x_wconf 90' lang='lat' dir='ltr'>illic</span> <span class='ocrx_word' id='word_1_145' title='bbox 893 2649 993 2715; x_wconf 81' lang='lat' dir='ltr'>luisse</span> <span class='ocrx_word' id='word_1_146' title='bbox 1016 2651 1144 2729; x_wconf 90' lang='lat' dir='ltr'>utilem,</span> <span class='ocrx_word' id='word_1_147' title='bbox 1169 2671 1237 2734; x_wconf 92' lang='lat' dir='ltr'>quo</span> 
     </span>
     <span class='ocr_line' id='line_1_21' title="bbox 160 2752 1237 2837; baseline 0.004 -22"><span class='ocrx_word' id='word_1_148' title='bbox 160 2752 255 2826; x_wconf 69' lang='lat' dir='ltr'>ssint</span> <span class='ocrx_word' id='word_1_149' title='bbox 278 2754 427 2837; x_wconf 79' lang='lat' dir='ltr'>profecti.</span> <span class='ocrx_word' id='word_1_150' title='bbox 472 2753 646 2819; x_wconf 87' lang='lat' dir='ltr'>Summam</span> <span class='ocrx_word' id='word_1_151' title='bbox 669 2755 797 2837; x_wconf 88' lang='lat' dir='ltr'>imperii</span> <span class='ocrx_word' id='word_1_152' title='bbox 826 2775 862 2818; x_wconf 93' lang='lat' dir='ltr'>se</span> <span class='ocrx_word' id='word_1_153' title='bbox 888 2753 1040 2820; x_wconf 90' lang='lat' dir='ltr'>consulto</span> <span class='ocrx_word' id='word_1_154' title='bbox 1062 2754 1143 2819; x_wconf 93' lang='lat' dir='ltr'>nulli</span> <span class='ocrx_word' id='word_1_155' title='bbox 1169 2755 1237 2819; x_wconf 91' lang='lat' dir='ltr'>dis-</span> 
     </span>
     <span class='ocr_line' id='line_1_22' title="bbox 188 2858 1237 2937; baseline 0.003 -17"><span class='ocrx_word' id='word_1_156' title='bbox 188 2859 362 2922; x_wconf 87' lang='lat' dir='ltr'>cedentem</span> <span class='ocrx_word' id='word_1_157' title='bbox 383 2858 567 2937; x_wconf 88' lang='lat' dir='ltr'>tradidisse,</span> <span class='ocrx_word' id='word_1_158' title='bbox 583 2878 625 2922; x_wconf 88' lang='lat' dir='ltr'>ne</span> <span class='ocrx_word' id='word_1_159' title='bbox 648 2860 676 2922; x_wconf 94' lang='lat' dir='ltr'>is</span> <span class='ocrx_word' id='word_1_160' title='bbox 696 2858 920 2923; x_wconf 90' lang='lat' dir='ltr'>multitudinis</span> <span class='ocrx_word' id='word_1_161' title='bbox 939 2859 1052 2923; x_wconf 89' lang='lat' dir='ltr'>studio</span> <span class='ocrx_word' id='word_1_162' title='bbox 1074 2860 1118 2923; x_wconf 87' lang='lat' dir='ltr'>ad</span> <span class='ocrx_word' id='word_1_163' title='bbox 1141 2859 1237 2924; x_wconf 92' lang='lat' dir='ltr'>dimi-</span> 
     </span>
     <span class='ocr_line' id='line_1_23' title="bbox 188 2961 1235 3046; baseline 0.003 -22"><span class='ocrx_word' id='word_1_164' title='bbox 188 2962 331 3026; x_wconf 91' lang='lat' dir='ltr'>candum</span> <span class='ocrx_word' id='word_1_165' title='bbox 358 2961 602 3044; x_wconf 88' lang='lat' dir='ltr'>impelleretur;</span> <span class='ocrx_word' id='word_1_166' title='bbox 636 2964 688 3027; x_wconf 92' lang='lat' dir='ltr'>cui</span> <span class='ocrx_word' id='word_1_167' title='bbox 711 2963 758 3026; x_wconf 92' lang='lat' dir='ltr'>rei</span> <span class='ocrx_word' id='word_1_168' title='bbox 780 2972 918 3046; x_wconf 88' lang='lat' dir='ltr'>propter</span> <span class='ocrx_word' id='word_1_169' title='bbox 938 2963 1040 3027; x_wconf 87' lang='lat' dir='ltr'>animi</span> <span class='ocrx_word' id='word_1_170' title='bbox 1064 2963 1235 3028; x_wconf 89' lang='lat' dir='ltr'>mollitiem</span> 
     </span>
     <span class='ocr_line' id='line_1_24' title="bbox 188 3065 1236 3149; baseline 0.003 -21"><span class='ocrx_word' id='word_1_171' title='bbox 188 3066 320 3130; x_wconf 88' lang='lat' dir='ltr'>studere</span> <span class='ocrx_word' id='word_1_172' title='bbox 342 3087 458 3131; x_wconf 90' lang='lat' dir='ltr'>omnes</span> <span class='ocrx_word' id='word_1_173' title='bbox 480 3066 619 3144; x_wconf 90' lang='lat' dir='ltr'>videret,</span> <span class='ocrx_word' id='word_1_174' title='bbox 634 3068 724 3149; x_wconf 89' lang='lat' dir='ltr'>quod</span> <span class='ocrx_word' id='word_1_175' title='bbox 746 3068 871 3131; x_wconf 89' lang='lat' dir='ltr'>diutius</span> <span class='ocrx_word' id='word_1_176' title='bbox 893 3065 1041 3132; x_wconf 89' lang='lat' dir='ltr'>laborem</span> <span class='ocrx_word' id='word_1_177' title='bbox 1063 3067 1146 3131; x_wconf 86' lang='lat' dir='ltr'>ferre</span> <span class='ocrx_word' id='word_1_178' title='bbox 1168 3087 1236 3131; x_wconf 93' lang='lat' dir='ltr'>non</span> 
     </span>
     <span class='ocr_line' id='line_1_25' title="bbox 158 3170 1237 3250; baseline 0 -16"><span class='ocrx_word' id='word_1_179' title='bbox 158 3179 332 3250; x_wconf 77' lang='lat' dir='ltr'>⁶possent.</span> <span class='ocrx_word' id='word_1_180' title='bbox 388 3170 533 3235; x_wconf 90' lang='lat' dir='ltr'>Romani</span> <span class='ocrx_word' id='word_1_181' title='bbox 562 3170 590 3234; x_wconf 93' lang='lat' dir='ltr'>si</span> <span class='ocrx_word' id='word_1_182' title='bbox 626 3190 704 3235; x_wconf 91' lang='lat' dir='ltr'>casu</span> <span class='ocrx_word' id='word_1_183' title='bbox 743 3171 987 3249; x_wconf 88' lang='lat' dir='ltr'>intervenerint,</span> <span class='ocrx_word' id='word_1_184' title='bbox 1019 3170 1180 3246; x_wconf 86' lang='lat' dir='ltr'>fortunae,</span> <span class='ocrx_word' id='word_1_185' title='bbox 1209 3174 1237 3235; x_wconf 91' lang='lat' dir='ltr'>si</span> 
     </span>
     <span class='ocr_line' id='line_1_26' title="bbox 187 3273 1238 3359; baseline 0.001 -23"><span class='ocrx_word' id='word_1_186' title='bbox 187 3273 323 3337; x_wconf 88' lang='lat' dir='ltr'>alicuius</span> <span class='ocrx_word' id='word_1_187' title='bbox 339 3273 462 3339; x_wconf 90' lang='lat' dir='ltr'>indicio</span> <span class='ocrx_word' id='word_1_188' title='bbox 481 3275 602 3353; x_wconf 84' lang='lat' dir='ltr'>vocati,</span> <span class='ocrx_word' id='word_1_189' title='bbox 617 3274 694 3339; x_wconf 92' lang='lat' dir='ltr'>huic</span> <span class='ocrx_word' id='word_1_190' title='bbox 716 3275 904 3339; x_wconf 88' lang='lat' dir='ltr'>habendam</span> <span class='ocrx_word' id='word_1_191' title='bbox 925 3275 1078 3359; x_wconf 87' lang='lat' dir='ltr'>gratiam,</span> <span class='ocrx_word' id='word_1_192' title='bbox 1093 3275 1182 3357; x_wconf 93' lang='lat' dir='ltr'>quod</span> <span class='ocrx_word' id='word_1_193' title='bbox 1204 3284 1238 3338; x_wconf 90' lang='lat' dir='ltr'>et</span> 
     </span>
     <span class='ocr_line' id='line_1_27' title="bbox 188 3377 1236 3461; baseline -0.001 -20"><span class='ocrx_word' id='word_1_194' title='bbox 188 3377 389 3459; x_wconf 80' lang='lat' dir='ltr'>paucitatem</span> <span class='ocrx_word' id='word_1_195' title='bbox 406 3398 519 3442; x_wconf 88' lang='lat' dir='ltr'>eorum</span> <span class='ocrx_word' id='word_1_196' title='bbox 535 3399 580 3442; x_wconf 86' lang='lat' dir='ltr'>ex</span> <span class='ocrx_word' id='word_1_197' title='bbox 594 3378 669 3443; x_wconf 92' lang='lat' dir='ltr'>loco</span> <span class='ocrx_word' id='word_1_198' title='bbox 688 3380 857 3461; x_wconf 87' lang='lat' dir='ltr'>superiore</span> <span class='ocrx_word' id='word_1_199' title='bbox 872 3397 1071 3461; x_wconf 86' lang='lat' dir='ltr'>cognoscere</span> <span class='ocrx_word' id='word_1_200' title='bbox 1087 3389 1121 3441; x_wconf 91' lang='lat' dir='ltr'>et</span> <span class='ocrx_word' id='word_1_201' title='bbox 1135 3378 1236 3441; x_wconf 92' lang='lat' dir='ltr'>virtu-</span> 
     </span>
     <span class='ocr_line' id='line_1_28' title="bbox 187 3481 1237 3566; baseline 0.001 -22"><span class='ocrx_word' id='word_1_202' title='bbox 187 3492 255 3544; x_wconf 89' lang='lat' dir='ltr'>tem</span> <span class='ocrx_word' id='word_1_203' title='bbox 275 3481 444 3564; x_wconf 89' lang='lat' dir='ltr'>despicere</span> <span class='ocrx_word' id='word_1_204' title='bbox 466 3482 644 3565; x_wconf 84' lang='lat' dir='ltr'>potuerint,</span> <span class='ocrx_word' id='word_1_205' title='bbox 664 3485 721 3566; x_wconf 88' lang='lat' dir='ltr'>qui</span> <span class='ocrx_word' id='word_1_206' title='bbox 740 3482 900 3546; x_wconf 89' lang='lat' dir='ltr'>dimicare</span> <span class='ocrx_word' id='word_1_207' title='bbox 919 3502 986 3547; x_wconf 90' lang='lat' dir='ltr'>oon</span> <span class='ocrx_word' id='word_1_208' title='bbox 1008 3482 1079 3545; x_wconf 91' lang='lat' dir='ltr'>ausi</span> <span class='ocrx_word' id='word_1_209' title='bbox 1097 3482 1237 3564; x_wconf 88' lang='lat' dir='ltr'>turpiter</span> 
     </span>
     <span class='ocr_line' id='line_1_29' title="bbox 159 3583 1236 3669; baseline -0.001 -20"><span class='ocrx_word' id='word_1_210' title='bbox 159 3606 223 3659; x_wconf 77' lang='lat' dir='ltr'>rse</span> <span class='ocrx_word' id='word_1_211' title='bbox 245 3586 278 3648; x_wconf 90' lang='lat' dir='ltr'>in</span> <span class='ocrx_word' id='word_1_212' title='bbox 301 3594 408 3651; x_wconf 89' lang='lat' dir='ltr'>castra</span> <span class='ocrx_word' id='word_1_213' title='bbox 435 3586 628 3668; x_wconf 88' lang='lat' dir='ltr'>receperint.</span> <span class='ocrx_word' id='word_1_214' title='bbox 674 3587 855 3669; x_wconf 90' lang='lat' dir='ltr'>Imperium</span> <span class='ocrx_word' id='word_1_215' title='bbox 882 3606 918 3649; x_wconf 92' lang='lat' dir='ltr'>se</span> <span class='ocrx_word' id='word_1_216' title='bbox 944 3584 988 3649; x_wconf 95' lang='lat' dir='ltr'>ab</span> <span class='ocrx_word' id='word_1_217' title='bbox 1012 3583 1153 3650; x_wconf 75' lang='lat' dir='ltr'>Caesare</span> <span class='ocrx_word' id='word_1_218' title='bbox 1177 3605 1236 3668; x_wconf 90' lang='lat' dir='ltr'>per</span> 
     </span>
     <span class='ocr_line' id='line_1_30' title="bbox 187 3689 1236 3773; baseline 0.002 -21"><span class='ocrx_word' id='word_1_219' title='bbox 187 3689 409 3771; x_wconf 89' lang='lat' dir='ltr'>proditionem</span> <span class='ocrx_word' id='word_1_220' title='bbox 439 3689 566 3755; x_wconf 88' lang='lat' dir='ltr'>nullum</span> <span class='ocrx_word' id='word_1_221' title='bbox 596 3690 795 3769; x_wconf 87' lang='lat' dir='ltr'>desiderare,</span> <span class='ocrx_word' id='word_1_222' title='bbox 825 3690 916 3773; x_wconf 88' lang='lat' dir='ltr'>quod</span> <span class='ocrx_word' id='word_1_223' title='bbox 945 3689 1069 3753; x_wconf 90' lang='lat' dir='ltr'>habere</span> <span class='ocrx_word' id='word_1_224' title='bbox 1097 3690 1236 3755; x_wconf 87' lang='lat' dir='ltr'>victoria</span> 
     </span>
    </p>
   </div>
   <div class='ocr_carea' id='block_1_3' title="bbox 185 3788 1235 3877">
    <p class='ocr_par' dir='ltr' id='par_1_8' title="bbox 185 3788 1235 3877">
     <span class='ocr_line' id='line_1_31' title="bbox 185 3788 1235 3877; baseline 0.001 -20"><span class='ocrx_word' id='word_1_225' title='bbox 185 3801 307 3874; x_wconf 88' lang='lat' dir='ltr'>posset,</span> <span class='ocrx_word' id='word_1_226' title='bbox 344 3812 429 3877; x_wconf 87' lang='lat' dir='ltr'>quae</span> <span class='ocrx_word' id='word_1_227' title='bbox 469 3794 535 3857; x_wconf 89' lang='lat' dir='ltr'>iam</span> <span class='ocrx_word' id='word_1_228' title='bbox 573 3804 659 3858; x_wconf 89' lang='lat' dir='ltr'>esset</span> <span class='ocrx_word' id='word_1_229' title='bbox 696 3793 758 3857; x_wconf 89' lang='lat' dir='ltr'>sibi</span> <span class='ocrx_word' id='word_1_230' title='bbox 794 3800 897 3876; x_wconf 86' lang='lat' dir='ltr'>atque</span> <span class='ocrx_word' id='word_1_231' title='bbox 936 3792 1091 3857; x_wconf 91' lang='lat' dir='ltr'>omnibus</span> <span class='ocrx_word' id='word_1_232' title='bbox 1129 3788 1235 3858; x_wconf 88' lang='lat' dir='ltr'>Gallis</span> 
     </span>
    </p>
   </div>
   <div class='ocr_carea' id='block_1_4' title="bbox 184 3990 1235 4187">
    <p class='ocr_par' dir='ltr' id='par_1_9' title="bbox 184 3990 1235 4187">
     <span class='ocr_line' id='line_1_32' title="bbox 217 3990 1235 4053; baseline 0.004 -15"><span class='ocrx_word' id='word_1_233' title='bbox 217 3991 327 4050; x_wconf 53' lang='lat'>2041.</span> <span class='ocrx_word' id='word_1_234' title='bbox 345 3993 422 4050; x_wconf 79' lang='lat' dir='ltr'>quod</span> <span class='ocrx_word' id='word_1_235' title='bbox 440 3994 599 4052; x_wconf 59' lang='lat' dir='ltr'>eumen</span> <span class='ocrx_word' id='word_1_236' title='bbox 634 3991 685 4040; x_wconf 80' lang='lat' dir='ltr'>For</span> <span class='ocrx_word' id='word_1_237' title='bbox 768 3995 818 4053; x_wconf 64' lang='lat'>33.</span> <span class='ocrx_word' id='word_1_238' title='bbox 836 3993 1150 4042; x_wconf 69' lang='lat' dir='ltr'>tollmodoaoourstou.</span> <span class='ocrx_word' id='word_1_239' title='bbox 1173 3990 1235 4042; x_wconf 78' lang='lat' dir='ltr'>This</span> 
     </span>
     <span class='ocr_line' id='line_1_33' title="bbox 184 4055 1209 4123; baseline 0.003 -18"><span class='ocrx_word' id='word_1_240' title='bbox 184 4056 226 4107; x_wconf 82' lang='lat' dir='ltr'>the</span> <span class='ocrx_word' id='word_1_241' title='bbox 237 4055 346 4106; x_wconf 74' lang='lat' dir='ltr'>temolo</span> <span class='ocrx_word' id='word_1_242' title='bbox 356 4055 525 4122; x_wconf 78' lang='lat' dir='ltr'>repetitiones</span> <span class='ocrx_word' id='word_1_243' title='bbox 533 4060 541 4084; x_wconf 88' lang='lat'><em>⁴</em></span> <span class='ocrx_word' id='word_1_244' title='bbox 549 4055 632 4122; x_wconf 86' lang='lat' dir='ltr'>qood‘</span> <span class='ocrx_word' id='word_1_245' title='bbox 644 4073 684 4123; x_wconf 80' lang='lat' dir='ltr'>cp</span> <span class='ocrx_word' id='word_1_246' title='bbox 734 4056 806 4107; x_wconf 74' lang='lat' dir='ltr'>takes</span> <span class='ocrx_word' id='word_1_247' title='bbox 817 4072 852 4122; x_wconf 88' lang='lat' dir='ltr'>up</span> <span class='ocrx_word' id='word_1_248' title='bbox 864 4056 1029 4121; x_wconf 80' lang='lat' dir='ltr'>‘proditionis</span> <span class='ocrx_word' id='word_1_249' title='bbox 1039 4056 1209 4108; x_wconf 72' lang='lat' dir='ltr'>insimuletus’</span> 
     </span>
     <span class='ocr_line' id='line_1_34' title="bbox 184 4122 1114 4187; baseline 0.001 -15"><span class='ocrx_word' id='word_1_250' title='bbox 184 4124 200 4172; x_wconf 89' lang='lat' dir='ltr'>i.</span> <span class='ocrx_word' id='word_1_251' title='bbox 217 4126 318 4187; x_wconf 73' lang='lat' dir='ltr'>19,§r.</span> <span class='ocrx_word' id='word_1_252' title='bbox 767 4125 982 4183; x_wconf 73' lang='lat' dir='ltr'>tuoptspsbult</span> <span class='ocrx_word' id='word_1_253' title='bbox 1012 4122 1114 4184; x_wconf 63' lang='lat' dir='ltr'>mm.</span> 
     </span>
    </p>
   </div>
   <div class='ocr_carea' id='block_1_5' title="bbox 0 0 1622 5134">
    <p class='ocr_par' dir='ltr' id='par_1_10' title="bbox 0 0 1622 5134">
     <span class='ocr_line' id='line_1_35' title="bbox 0 0 1622 5134; baseline 0 2"><span class='ocrx_word' id='word_1_254' title='bbox 0 0 1622 5134; x_wconf 95' lang='lat' dir='ltr'> </span> 
     </span>
    </p>
   </div>
  </div>
 </body>
</html>
