3234 5134
389 616 448 680 180
732 622 761 674 c
786 623 884 674 1ut11
907 621 1097 675 cassatus
1334 620 1392 700 [ss.
1406 633 1441 685 5-
1606 573 1607 632 ³

387 790 494 855 iactus
508 797 558 852 est
579 787 613 851 in
633 785 770 851 hiberna
790 796 988 869 perventum
1008 784 1185 868 locumque
1204 782 1351 848 hibernis
1365 800 1439 846 esse

388 893 565 958 munitum.

217 1014 352 1064 amnon
433 996 562 1060 Diebus
586 994 716 1060 circiter
740 1009 802 1073 XV,
829 995 950 1078 quibus
980 994 1014 1059 in
1043 993 1183 1058 hiberna
1211 1002 1348 1056 ventum
1378 997 1438 1064 est,
1451 1000 1497 1055 20

218 1081 376 1193 &333⁶
389 1100 521 1165 initum
541 1100 704 1185 repenun
724 1100 889 1167 tumultus
909 1119 949 1164 ac
970 1097 1166 1164 desectionis
1187 1107 1299 1161 ortum
1321 1103 1372 1159 est
1393 1093 1438 1158 ab

248 1213 349 1262 20-8‘1·
389 1204 587 1290 Ambiorige
612 1215 646 1270 et
671 1203 874 1282 Catuvolc03
903 1202 1069 1287 quicum
1092 1202 1136 1267 ad
1162 1200 1244 1266 finoe
1267 1200 1361 1285 regni
1386 1198 1465 1264 sui²

216 1299 350 1349 Ambiorix
388 1307 514 1374 Sabino
544 1310 730 1393 Cottaeque
765 1317 899 1393 praesto
935 1308 1074 1374 luissent
1106 1306 1376 1387 frumentumque
1403 1305 1438 1368 in

216 1364 355 1479 titt·
387 1413 526 1479 hiberna
558 1413 865 1498 comportassent
898 1411 1116 1478 Indutiomari
1146 1409 1281 1475 Treveri
1312 1409 1439 1474 numus

216 1495 353 1609 mum
387 1517 519 1602 impulsi
534 1539 611 1584 suos
626 1518 875 1584 concitaverunt
888 1517 1065 1598 subitoque
1085 1514 1252 1600 oppressis
1266 1514 1437 1598 lignatori-

213 1639 295 1688 camp.
312 1621 449 1687 --bus
464 1642 587 1705 magna
602 1643 701 1688 manu
712 1624 756 1688 ad
771 1632 880 1688 castra
894 1628 1123 1705 oppugnatum
1134 1628 1304 1683 venerunt
1348 1616 1436 1682 Cum
1450 1629 1465 1678 ³

385 1725 536 1792 celeriter
559 1727 663 1791 nostri
688 1746 782 1792 arma
806 1726 969 1811 cepissent
994 1725 1184 1808 vallumque
1209 1723 1437 1789 ascendissent

303 1825 307 1834 '
385 1839 486 1914 atque
507 1851 573 1895 una
592 1852 637 1895 ex
659 1841 754 1915 parte
773 1829 933 1915 Hispanis
953 1829 1122 1912 equitibus
1142 1828 1270 1893 emissis
1289 1826 1436 1909 equestri

384 1935 511 2017 proelio
533 1935 718 2018 superiores
740 1933 887 2009 fuissent,
903 1934 1079 2017 desperata
1100 1953 1136 1997 re
1156 1930 1268 1997 hostes
1289 1951 1368 1996 suos
1389 1932 1435 1995 ab

383 2039 631 2122 oppugnatione
647 2040 861 2102 reduxerunt.
905 2036 993 2101 Tum
1011 2055 1073 2100 suo
1093 2055 1185 2100 more
1204 2034 1465 2101 conclamate-4

383 2152 469 2216 runt,
495 2143 543 2207 uti
570 2141 704 2225 ‘aliquis
733 2162 778 2206 ex
811 2141 932 2206 nostris
961 2141 1005 2206 ad
1034 2138 1235 2222 colloquium
1266 2140 1432 2224 prodiret:

383 2244 506 2310 habere
526 2265 608 2322 sese,
624 2264 711 2328 quae
730 2246 774 2310 de
794 2266 831 2309 re
851 2244 1022 2310 communi
1041 2244 1152 2309 dicere
1166 2242 1299 2320 vellent,
1312 2243 1434 2326 quibus

384 2350 482 2414 rebus
498 2349 736 2415 controversias
752 2348 854 2413 minui
870 2368 968 2431 posse
982 2346 1172 2432 sperarent?

214 2460 238 2508 Α
251 2458 344 2523 poley.
429 2453 579 2518 Mittitur
603 2455 647 2519 ad
673 2474 731 2519 eos
756 2451 965 2535 colloquendi
992 2471 1093 2517 causa
1115 2450 1217 2516 Gaius
1241 2450 1488 2534 Arpineius,²‘1

384 2577 485 2640 eques
516 2558 697 2632 Romanus,
727 2555 899 2622 familiaris
926 2556 1044 2640 Quinti
1070 2555 1199 2630 Titurii,
1222 2565 1257 2620 et
1285 2553 1433 2637 Quintus

386 2660 499 2726 lunius
514 2683 559 2726 ex
576 2661 741 2746 Hispania
755 2662 901 2744 quidam,
915 2661 973 2743 qui
987 2660 1054 2724 iam
1073 2670 1149 2724 ante
1164 2660 1266 2724 missu
1282 2656 1433 2724 Caesaris

215 2765 352 2829 Speeeuot
383 2765 427 2830 ad
450 2764 685 2849 Ambiorigem
709 2766 872 2830 ventitare
900 2773 1073 2830 consuerat
1085 2786 1093 2842 ;
1124 2764 1214 2848 apud
1240 2783 1323 2846 quos
1346 2762 1432 2828 Am·

215 2831 353 2882 *mum
383 2868 493 2932 biorix
513 2869 557 2933 ad
579 2870 668 2936 hunc
691 2871 828 2935 modum
850 2869 980 2935 locutus
1002 2878 1070 2935 est:
1093 2872 1182 2933 ‘sese
1204 2887 1264 2951 pro
1281 2865 1461 2933 Caesariss

381 2971 416 3036 in
436 2992 472 3036 se
493 2971 659 3037 beneficiis
681 2973 860 3056 plurimum
881 2973 913 3038 ei
936 2972 1082 3038 confiteri
1102 2972 1233 3050 debere,
1246 2972 1337 3054 quod
1360 2972 1431 3036 eius

380 3094 483 3158 opera
498 3076 664 3158 stipendio
680 3077 838 3141 liberatus
856 3086 951 3153 esset.
965 3077 1056 3158 quod
1070 3075 1268 3151 Aduatucis,
1283 3075 1431 3140 finitimis

381 3179 458 3257 suis,
480 3180 624 3263 pendere
646 3189 844 3258 consuesset,
866 3182 1023 3264 quodque
1044 3181 1074 3245 ei
1096 3191 1131 3246 et
1154 3179 1240 3245 filius
1263 3188 1298 3244 et
1322 3178 1430 3246 lintris

381 3283 469 3350 filius
490 3305 511 3348 a
534 3283 674 3349 Caesare
696 3284 823 3349 remissi
846 3294 963 3365 essent,
980 3304 1065 3367 quos
1083 3284 1254 3349 Aduatuci
1275 3283 1429 3349 obsidum

381 3409 519 3455 numero
535 3388 652 3454 missos
664 3389 754 3471 apud
766 3408 802 3452 se
816 3389 849 3451 in
864 3390 1023 3453 servitute
1038 3399 1073 3453 et
1086 3388 1211 3453 catenis
1226 3387 1408 3452 tenuissent
1421 3408 1429 3465 ;

381 3512 490 3576 neque
512 3492 556 3572 id,
574 3491 665 3575 quod
688 3490 803 3556 iecerit
826 3493 869 3556 de
891 3492 1139 3575 oppugnatione
1161 3499 1356 3568 castrorum,
1370 3501 1459 3555 auts

380 3597 502 3662 iudicio
526 3607 586 3661 aut
607 3595 779 3660 voluntate
804 3615 865 3660 sua
890 3594 1014 3670 fecisse,
1041 3596 1099 3660 sed
1126 3603 1241 3659 coactu
1266 3593 1429 3670 civitatis3

413 3792 459 3839 80.
473 3794 486 3849 ξ
501 3804 523 3840 2.
540 3793 879 3849 musmonem-tum
931 3804 947 3837 e
965 3789 1024 3838 verb
1042 3786 1072 3838 ol
1086 3788 1190 3843 motion
1208 3803 1230 3838 e.
1239 3804 1263 3853 g.
1283 3804 1307 3839 v.
1326 3801 1364 3848 no,
1386 3793 1427 3848 §r

380 3861 533 3915 venemur,
546 3859 552 3882 ⁶
563 3870 633 3905 orme
652 3863 680 3905 to
699 3856 741 3905 the
758 3871 833 3920 camp
853 3863 880 3905 to
931 3854 1146 3905 ‘incontinentem
1157 3852 1269 3904 Galliam
1280 3851 1395 3904 venerat'

380 3918 512 3968 atteckit?
546 3919 880 3985 Cp.l.3o,§1·nanesn·
963 3923 1008 3973 27.
1021 3924 1035 3979 ἱ
1049 3933 1071 3969 1.
1093 3923 1183 3969 missu
1201 3922 1335 3970 omnin
1377 3918 1429 3985 Cp.

379 3998 432 4034 rem
446 3984 596 4049 gratulatum
610 3985 791 4036 convenerunt’
825 3986 881 4035 The
930 3985 963 4034 vi.
985 3995 1008 4048 7,
1029 3989 1042 4044 ς
1061 3998 1093 4034 a:
1117 3985 1147 4036 C.
1165 3983 1192 4033 ii.
1212 3997 1252 4044 aa,
1274 3989 1319 4046 §3
1338 3985 1430 4037 ‘misna

379 4050 466 4113 suplne
482 4049 504 4099 is
521 4050 601 4099 added
620 4066 652 4099 on
669 4051 712 4101 the
728 4066 796 4101 nme
812 4050 881 4116 prin·
931 4048 1019 4100 Bmu!
1043 4049 1094 4100 So‘
1104 4051 1177 4110 iuno,
1187 4049 1318 4115 oonotn(v.
1330 4054 1428 4114 mit)

379 4115 446 4179 ciple
457 4129 485 4163 as
495 4130 511 4163 e
522 4114 613 4164 second
624 4130 677 4167 acc.
688 4116 715 4166 in
732 4115 774 4166 the
786 4130 842 4166 oue
853 4115 883 4165 oi
929 4113 1048 4174 alicuine
1059 4118 1106 4166 &a
