3234 5134
207 587 250 634 8³.
265 582 291 649 ι]
435 583 488 635 DE
510 584 635 636 BELLO
660 586 829 638 GALLICO.
881 588 951 639 LIB.
982 588 1034 640 1111
1199 596 1257 657 271

206 747 452 831 Nitiobrogum,
474 752 564 815 cuius
579 760 675 835 pater
695 750 740 814 ab
762 760 880 815 senatu
902 759 1016 816 nostro
1039 749 1165 814 amicus
1187 761 1258 815 erat

206 852 403 934 appellatus,
418 874 493 917 cum
509 875 631 940 magno
646 855 791 937 equitum
813 874 947 919 suorum
967 875 1105 919 numero
1124 863 1159 919 et
1173 875 1258 939 quos

208 975 251 1018 ex
266 957 451 1039 Aquitania
466 959 671 1022 conduxerat
685 960 729 1023 ad
745 978 820 1021 eum
836 959 994 1040 pervenit.

152 1070 194 1126 ³2
252 1058 376 1125 Caesar
389 1061 524 1126 Avarici
542 1061 727 1143 complures
745 1062 818 1126 dies
837 1071 1060 1128 commoratus
1075 1083 1256 1127 summam·
1269 1079 1361 1131 Caesar

206 1185 271 1247 que
295 1164 340 1228 ibi
363 1166 493 1250 copiam
517 1164 673 1230 frumenti
698 1175 732 1229 et
752 1164 867 1248 reliqui
891 1175 1094 1231 commeatus
1118 1146 1421 1262 nanctusssfflf

179 1270 388 1334 nexercitum
411 1292 455 1334 ex
480 1270 593 1335 labore
618 1278 721 1354 atque
745 1268 857 1353 inopia
883 1270 1003 1334 refecit.
1050 1270 1122 1335 Iam
1150 1290 1256 1356 prope
1287 1292 1385 1342 repares

206 1373 315 1438 hieme
344 1372 496 1439 confecta
525 1394 601 1438 cum
628 1374 702 1457 ipso
725 1374 803 1438 anni
830 1382 980 1457 tempore
1006 1374 1049 1437 ad
1074 1376 1255 1457 gerendum
1268 1343 1377 1458 εζζῃᾞξ,

206 1475 329 1540 bellum
352 1487 526 1543 vocaretur
547 1488 581 1542 et
605 1479 648 1541 ad
674 1478 806 1542 hostem
833 1475 995 1562 proficisci
1020 1478 1254 1555 constituisset,
1267 1475 1408 1539 campaign.

206 1580 275 1643 sive
297 1602 372 1645 eum
395 1602 439 1646 ex
461 1582 637 1666 paludibus
662 1581 817 1666 silvisque
845 1581 961 1646 elicere
986 1581 1056 1644 sive
1081 1581 1256 1647 obsidione

207 1703 357 1765 premere
389 1696 512 1769 posset,
542 1685 641 1769 legati
675 1686 719 1750 ad
754 1705 830 1750 eum
866 1685 1031 1768 principes
1058 1683 1254 1750 Aeduorum
1269 1704 1374 1768 Dispute

206 1790 344 1855 veniunt
364 1801 505 1867 oratum,
523 1798 560 1854 ut
574 1790 739 1853 ‘maxime
760 1789 943 1854 necessario
960 1797 1113 1872 tempore
1131 1789 1256 1854 civitati
1268 1768 1414 1884 ffissrffe

177 1894 398 1959 ssubveniat:
422 1914 553 1958 summo
572 1914 644 1958 esse
664 1894 696 1956 in
717 1894 861 1978 periculo
882 1914 963 1970 rem,
977 1895 1077 1977 quod,
1092 1913 1169 1956 cum
1189 1893 1256 1956 sin·
1268 1898 1346 1949 sured
1358 1909 1385 1948 to

206 1998 275 2081 guli
299 1999 511 2081 magistratus
534 1998 714 2080 antiquitus
736 1998 837 2063 creari
862 2006 963 2082 atque
989 1998 1115 2080 regiam
1141 2007 1254 2080 potes·
1268 1964 1367 2015 caesar.

205 2110 311 2166 tatem
342 2121 465 2165 annum
495 2101 643 2166 obtinere
674 2112 897 2179 consuessent,
927 2102 994 2165 duo
1026 2101 1255 2184 magistratum
1346 2122 1351 2133 ·

204 2217 320 2288 gerant
340 2214 374 2268 et
394 2225 430 2269 se
447 2214 585 2289 uterque
604 2226 718 2270 eorum
741 2206 869 2291 legibus
892 2213 1038 2271 creatum
1062 2225 1135 2269 esse
1158 2204 1255 2270 dicat.

174 2325 191 2375 4
207 2310 338 2373 Horum
355 2329 427 2373 esse
441 2310 581 2373 alterum
598 2308 906 2387 Convictolitavem,
921 2309 1094 2373 florentem
1116 2317 1150 2372 et
1166 2308 1255 2372 illus-

205 2420 290 2475 trem
311 2412 564 2490 adulescentem,
579 2413 719 2477 alterum
738 2412 871 2490 Cotum,
885 2412 1114 2496 antiquissima
1132 2412 1255 2478 familia

205 2525 321 2579 natum
351 2525 451 2599 atque
487 2518 593 2601 ipsum
631 2517 798 2581 hominem
832 2537 982 2581 summae
1017 2518 1187 2600 potentiae
1221 2528 1255 2582 et

206 2638 345 2702 magnae
378 2620 589 2702 cognationis,
619 2621 712 2684 cuius
746 2618 846 2684 frater
873 2619 1063 2684 Valetiacus
1099 2621 1254 2703 proximo

175 2740 293 2790 sunno
327 2724 470 2786 eundem
504 2722 732 2806 magistratum
768 2722 915 2806 gesserit
971 2721 1149 2788 Civitatem
1181 2744 1253 2789 esse

205 2847 337 2890 omnem
361 2825 394 2890 in
417 2827 538 2901 armis3
564 2825 703 2889 divisum
731 2835 895 2908 senatum,
917 2826 1059 2892 divisum
1082 2828 1253 2912 populum,

204 2950 282 2995 suas
295 2931 454 3012 cuiusque
475 2949 588 2993 eorum
608 2928 785 2994 clientelas
832 2929 934 3013 Quod
954 2932 981 2995 si
1002 2932 1126 2996 diutius
1145 2932 1253 2997 alatur

204 3034 438 3114 controversia,
452 3032 531 3108 sore,
548 3032 596 3097 uti
614 3052 691 3115 pars
712 3053 787 3099 cum
811 3044 905 3117 parte
924 3033 1066 3100 civitatis
1086 3035 1253 3119 confligat.

206 3137 245 3201 Id
258 3158 299 3202 ne
310 3138 450 3215 accidat,
459 3137 605 3221 positum
619 3137 651 3200 in
663 3137 732 3201 eius
744 3138 915 3222 diligentia
925 3148 1027 3221 atque
1036 3138 1252 3203 auctoritate.¹

148 3254 190 3310 88
248 3242 380 3317 Caesar,
403 3243 465 3307 etsi
487 3264 507 3306 a
529 3241 617 3305 bello
639 3252 740 3324 atque
761 3242 859 3306 hoste
880 3243 1048 3307 discedere
1071 3242 1252 3306 detrimen·
1266 3259 1410 3326 Herepairs

203 3358 312 3411 tosum
332 3367 405 3412 esse
424 3345 647 3423 existimabat,
662 3354 775 3409 tamen
795 3365 862 3410 non
881 3346 1045 3430 ignorans,
1059 3355 1185 3428 quanta
1207 3367 1251 3409 ex
1264 3334 1291 3441 {2
1302 3328 1409 3443 {552¹}

202 3449 459 3515 dissensionibus
481 3449 691 3513 incommoda
711 3449 787 3512 oriri
807 3459 1028 3526 consuessent,
1045 3470 1087 3513 ne
1109 3457 1203 3514 tanta
1218 3459 1252 3513 et

203 3564 273 3617 tam
288 3553 462 3618 coniuncta
477 3551 601 3636 populo
613 3553 769 3616 Romano
787 3553 910 3629 civitas,
918 3573 1019 3637 quam
1035 3553 1107 3635 ipse
1122 3572 1253 3635 semper

202 3657 336 3722 aluisset
355 3656 572 3738 omnibusque
590 3656 687 3719 rebus
709 3665 867 3733 ornasset,
882 3657 925 3719 ad
947 3656 1015 3719 vim
1038 3666 1139 3738 atque
1160 3677 1252 3721 arma

202 3760 427 3838 descenderet,
438 3769 539 3843 atque
550 3779 591 3823 ea
604 3780 689 3842 pars,
701 3779 786 3842 quae
802 3760 911 3822 minus
924 3758 1117 3838 confideret,
1127 3761 1251 3827 auxilia

235 3945 249 3999 ς
262 3953 286 4004 5.
303 3941 419 3989 emtoue.
454 3937 473 3988 i.
486 3952 508 4001 3,
523 3933 701 4002 §4‘enicus'
783 3939 976 3999 descenderet,
990 3934 1069 3988 ‘heve
1083 3952 1195 3990 recourse
1206 3938 1250 3991 to.'

201 4071 218 4121 h
220 4008 341 4123 ἔξω.
359 4006 600 4055 commentorum
635 4002 701 4067 Only
751 4002 948 4069 Cpmpstp
