<?xml version="1.0" encoding="UTF-8"?>
<!DOCTYPE html PUBLIC "-//W3C//DTD XHTML 1.0 Transitional//EN"
    "http://www.w3.org/TR/xhtml1/DTD/xhtml1-transitional.dtd">
<html xmlns="http://www.w3.org/1999/xhtml" xml:lang="en" lang="en">
 <head>
  <title>
</title>
<meta http-equiv="Content-Type" content="text/html;charset=utf-8" />
  <meta name='ocr-system' content='tesseract 3.04.00' />
  <meta name='ocr-capabilities' content='ocr_page ocr_carea ocr_par ocr_line ocrx_word'/>
</head>
<body>
  <div class='ocr_page' id='page_1' title='image "./debellogallicob00stocgoog_0316.png"; bbox 0 0 3234 5134; ppageno 0'>
   <div class='ocr_carea' id='block_1_1' title="bbox 339 600 1389 679">
    <p class='ocr_par' dir='ltr' id='par_1_1' title="bbox 339 600 1389 679">
     <span class='ocr_line' id='line_1_1' title="bbox 339 600 1389 679; baseline 0.001 -16"><span class='ocrx_word' id='word_1_1' title='bbox 339 600 381 663; x_wconf 82' lang='lat'>88</span> <span class='ocrx_word' id='word_1_2' title='bbox 685 610 713 661; x_wconf 86' lang='lat' dir='ltr'>c.</span> <span class='ocrx_word' id='word_1_3' title='bbox 739 610 835 662; x_wconf 81' lang='grc' dir='ltr'>ιυιη</span> <span class='ocrx_word' id='word_1_4' title='bbox 857 609 1045 663; x_wconf 67' lang='lat' dir='ltr'>cassatus</span> <span class='ocrx_word' id='word_1_5' title='bbox 1284 612 1343 679; x_wconf 79' lang='lat' dir='ltr'>[ss.</span> <span class='ocrx_word' id='word_1_6' title='bbox 1358 627 1389 664; x_wconf 80' lang='grc' dir='ltr'>ι-</span> 
     </span>
    </p>
   </div>
   <div class='ocr_carea' id='block_1_2' title="bbox 341 770 1421 1998">
    <p class='ocr_par' dir='ltr' id='par_1_2' title="bbox 341 770 1421 1998">
     <span class='ocr_line' id='line_1_2' title="bbox 342 770 1387 858; baseline 0.003 -22"><span class='ocrx_word' id='word_1_7' title='bbox 342 773 378 837; x_wconf 87' lang='grc' dir='ltr'>Ρ.</span> <span class='ocrx_word' id='word_1_8' title='bbox 388 771 507 839; x_wconf 88' lang='lat' dir='ltr'>Sextio</span> <span class='ocrx_word' id='word_1_9' title='bbox 526 770 658 850; x_wconf 85' lang='lat' dir='ltr'>Baculo,</span> <span class='ocrx_word' id='word_1_10' title='bbox 670 771 851 838; x_wconf 80' lang='lat' dir='ltr'>fortissimo</span> <span class='ocrx_word' id='word_1_11' title='bbox 862 772 943 851; x_wconf 87' lang='lat' dir='ltr'>viro,</span> <span class='ocrx_word' id='word_1_12' title='bbox 955 772 1069 837; x_wconf 86' lang='lat' dir='ltr'>multis</span> <span class='ocrx_word' id='word_1_13' title='bbox 1080 773 1302 858; x_wconf 85' lang='lat' dir='ltr'>gravibusque</span> <span class='ocrx_word' id='word_1_14' title='bbox 1317 775 1387 838; x_wconf 90' lang='lat' dir='ltr'>vul·</span> 
     </span>
     <span class='ocr_line' id='line_1_3' title="bbox 342 875 1388 961; baseline 0.004 -21"><span class='ocrx_word' id='word_1_15' title='bbox 342 875 473 941; x_wconf 88' lang='lat' dir='ltr'>neribus</span> <span class='ocrx_word' id='word_1_16' title='bbox 488 875 638 942; x_wconf 88' lang='lat' dir='ltr'>conlecto</span> <span class='ocrx_word' id='word_1_17' title='bbox 656 876 773 942; x_wconf 91' lang='lat' dir='ltr'>utiam</span> <span class='ocrx_word' id='word_1_18' title='bbox 789 897 825 941; x_wconf 89' lang='lat' dir='ltr'>se</span> <span class='ocrx_word' id='word_1_19' title='bbox 845 877 1007 942; x_wconf 89' lang='lat' dir='ltr'>sustinere</span> <span class='ocrx_word' id='word_1_20' title='bbox 1025 897 1089 941; x_wconf 92' lang='lat' dir='ltr'>non</span> <span class='ocrx_word' id='word_1_21' title='bbox 1105 888 1227 960; x_wconf 72' lang='lat' dir='ltr'>posset,</span> <span class='ocrx_word' id='word_1_22' title='bbox 1242 879 1388 961; x_wconf 90' lang='lat' dir='ltr'>reliquos</span> 
     </span>
     <span class='ocr_line' id='line_1_4' title="bbox 342 979 1389 1066; baseline 0.003 -21"><span class='ocrx_word' id='word_1_23' title='bbox 342 1000 414 1045; x_wconf 89' lang='lat' dir='ltr'>esse</span> <span class='ocrx_word' id='word_1_24' title='bbox 439 979 600 1045; x_wconf 83' lang='lat' dir='ltr'>tardiores</span> <span class='ocrx_word' id='word_1_25' title='bbox 622 990 656 1045; x_wconf 90' lang='lat' dir='ltr'>et</span> <span class='ocrx_word' id='word_1_26' title='bbox 682 979 857 1045; x_wconf 88' lang='lat' dir='ltr'>nonnullos</span> <span class='ocrx_word' id='word_1_27' title='bbox 882 981 1076 1046; x_wconf 88' lang='lat' dir='ltr'>novissimos</span> <span class='ocrx_word' id='word_1_28' title='bbox 1102 982 1235 1047; x_wconf 88' lang='lat' dir='ltr'>deserto</span> <span class='ocrx_word' id='word_1_29' title='bbox 1262 982 1389 1066; x_wconf 86' lang='lat' dir='ltr'>proelio</span> 
     </span>
     <span class='ocr_line' id='line_1_5' title="bbox 341 1082 1389 1167; baseline 0 -18"><span class='ocrx_word' id='word_1_30' title='bbox 341 1083 502 1149; x_wconf 86' lang='lat' dir='ltr'>excedere</span> <span class='ocrx_word' id='word_1_31' title='bbox 518 1103 556 1148; x_wconf 91' lang='lat' dir='ltr'>ac</span> <span class='ocrx_word' id='word_1_32' title='bbox 572 1082 638 1148; x_wconf 92' lang='lat' dir='ltr'>tela</span> <span class='ocrx_word' id='word_1_33' title='bbox 653 1084 764 1163; x_wconf 87' lang='lat' dir='ltr'>vitare,</span> <span class='ocrx_word' id='word_1_34' title='bbox 775 1084 888 1149; x_wconf 87' lang='lat' dir='ltr'>hostes</span> <span class='ocrx_word' id='word_1_35' title='bbox 903 1104 1011 1167; x_wconf 90' lang='lat' dir='ltr'>neque</span> <span class='ocrx_word' id='word_1_36' title='bbox 1022 1106 1042 1149; x_wconf 91' lang='lat' dir='ltr'>a</span> <span class='ocrx_word' id='word_1_37' title='bbox 1055 1083 1162 1149; x_wconf 88' lang='lat' dir='ltr'>lronte</span> <span class='ocrx_word' id='word_1_38' title='bbox 1177 1107 1221 1150; x_wconf 89' lang='lat' dir='ltr'>ex</span> <span class='ocrx_word' id='word_1_39' title='bbox 1238 1085 1389 1151; x_wconf 87' lang='lat' dir='ltr'>inferiore</span> 
     </span>
     <span class='ocr_line' id='line_1_6' title="bbox 342 1187 1390 1271; baseline 0.004 -20"><span class='ocrx_word' id='word_1_40' title='bbox 342 1188 417 1253; x_wconf 91' lang='lat' dir='ltr'>loco</span> <span class='ocrx_word' id='word_1_41' title='bbox 432 1187 611 1252; x_wconf 89' lang='lat' dir='ltr'>subeuntes</span> <span class='ocrx_word' id='word_1_42' title='bbox 626 1188 843 1254; x_wconf 85' lang='lat' dir='ltr'>intermittere</span> <span class='ocrx_word' id='word_1_43' title='bbox 858 1197 892 1253; x_wconf 90' lang='lat' dir='ltr'>et</span> <span class='ocrx_word' id='word_1_44' title='bbox 914 1190 957 1253; x_wconf 91' lang='lat' dir='ltr'>ab</span> <span class='ocrx_word' id='word_1_45' title='bbox 973 1199 1115 1271; x_wconf 88' lang='lat' dir='ltr'>utroque</span> <span class='ocrx_word' id='word_1_46' title='bbox 1133 1188 1235 1254; x_wconf 88' lang='lat' dir='ltr'>latere</span> <span class='ocrx_word' id='word_1_47' title='bbox 1257 1190 1390 1268; x_wconf 88' lang='lat' dir='ltr'>instare,</span> 
     </span>
     <span class='ocr_line' id='line_1_7' title="bbox 344 1292 1391 1375; baseline 0.001 -19"><span class='ocrx_word' id='word_1_48' title='bbox 344 1302 377 1356; x_wconf 95' lang='lat' dir='ltr'>et</span> <span class='ocrx_word' id='word_1_49' title='bbox 394 1312 463 1356; x_wconf 89' lang='lat' dir='ltr'>rem</span> <span class='ocrx_word' id='word_1_50' title='bbox 479 1312 551 1356; x_wconf 87' lang='lat' dir='ltr'>esse</span> <span class='ocrx_word' id='word_1_51' title='bbox 564 1292 597 1356; x_wconf 91' lang='lat' dir='ltr'>in</span> <span class='ocrx_word' id='word_1_52' title='bbox 612 1302 755 1375; x_wconf 90' lang='lat' dir='ltr'>angusto</span> <span class='ocrx_word' id='word_1_53' title='bbox 770 1293 853 1356; x_wconf 91' lang='lat' dir='ltr'>vidit</span> <span class='ocrx_word' id='word_1_54' title='bbox 867 1312 976 1375; x_wconf 89' lang='lat' dir='ltr'>neque</span> <span class='ocrx_word' id='word_1_55' title='bbox 992 1292 1095 1358; x_wconf 91' lang='lat' dir='ltr'>ullum</span> <span class='ocrx_word' id='word_1_56' title='bbox 1111 1313 1182 1358; x_wconf 87' lang='lat' dir='ltr'>esse</span> <span class='ocrx_word' id='word_1_57' title='bbox 1197 1294 1391 1368; x_wconf 86' lang='lat' dir='ltr'>subsidium,</span> 
     </span>
     <span class='ocr_line' id='line_1_8' title="bbox 345 1390 1417 1485; baseline 0.003 -27"><span class='ocrx_word' id='word_1_58' title='bbox 345 1396 435 1478; x_wconf 92' lang='lat' dir='ltr'>quod</span> <span class='ocrx_word' id='word_1_59' title='bbox 457 1396 609 1460; x_wconf 87' lang='lat' dir='ltr'>submitti</span> <span class='ocrx_word' id='word_1_60' title='bbox 632 1406 766 1478; x_wconf 85' lang='lat' dir='ltr'>posset:</span> <span class='ocrx_word' id='word_1_61' title='bbox 790 1407 885 1462; x_wconf 86' lang='lat' dir='ltr'>scuto</span> <span class='ocrx_word' id='word_1_62' title='bbox 910 1392 969 1485; x_wconf 90' lang='lat' dir='ltr'>[ab</span> <span class='ocrx_word' id='word_1_63' title='bbox 991 1397 1176 1462; x_wconf 88' lang='lat' dir='ltr'>novissimis</span> <span class='ocrx_word' id='word_1_64' title='bbox 1199 1390 1270 1484; x_wconf 88' lang='lat' dir='ltr'>uni]</span> <span class='ocrx_word' id='word_1_65' title='bbox 1295 1396 1417 1461; x_wconf 71' lang='lat' dir='ltr'>militir</span> 
     </span>
     <span class='ocr_line' id='line_1_9' title="bbox 345 1494 1392 1588; baseline 0.001 -24"><span class='ocrx_word' id='word_1_66' title='bbox 345 1501 493 1564; x_wconf 88' lang='lat' dir='ltr'>detracto</span> <span class='ocrx_word' id='word_1_67' title='bbox 522 1495 629 1588; x_wconf 91' lang='lat' dir='ltr'>[quod</span> <span class='ocrx_word' id='word_1_68' title='bbox 654 1501 723 1582; x_wconf 88' lang='lat' dir='ltr'>ipse</span> <span class='ocrx_word' id='word_1_69' title='bbox 748 1519 789 1564; x_wconf 91' lang='lat' dir='ltr'>eo</span> <span class='ocrx_word' id='word_1_70' title='bbox 812 1501 884 1565; x_wconf 91' lang='lat' dir='ltr'>sine</span> <span class='ocrx_word' id='word_1_71' title='bbox 907 1510 1003 1564; x_wconf 92' lang='lat' dir='ltr'>scuto</span> <span class='ocrx_word' id='word_1_72' title='bbox 1025 1494 1175 1588; x_wconf 87' lang='lat' dir='ltr'>venerat]</span> <span class='ocrx_word' id='word_1_73' title='bbox 1195 1501 1227 1565; x_wconf 92' lang='lat' dir='ltr'>in</span> <span class='ocrx_word' id='word_1_74' title='bbox 1250 1502 1392 1583; x_wconf 85' lang='lat' dir='ltr'>primam</span> 
     </span>
     <span class='ocr_line' id='line_1_10' title="bbox 344 1603 1394 1689; baseline 0.001 -22"><span class='ocrx_word' id='word_1_75' title='bbox 344 1603 449 1667; x_wconf 84' lang='lat' dir='ltr'>aciem</span> <span class='ocrx_word' id='word_1_76' title='bbox 474 1604 634 1684; x_wconf 78' lang='lat' dir='ltr'>processit</span> <span class='ocrx_word' id='word_1_77' title='bbox 660 1603 971 1686; x_wconf 89' lang='lat' dir='ltr'>centurionibusque</span> <span class='ocrx_word' id='word_1_78' title='bbox 997 1605 1194 1667; x_wconf 90' lang='lat' dir='ltr'>nominatim</span> <span class='ocrx_word' id='word_1_79' title='bbox 1217 1604 1394 1689; x_wconf 86' lang='lat' dir='ltr'>appellatis</span> 
     </span>
     <span class='ocr_line' id='line_1_11' title="bbox 346 1705 1394 1792; baseline 0.003 -23"><span class='ocrx_word' id='word_1_80' title='bbox 346 1705 489 1789; x_wconf 89' lang='lat' dir='ltr'>reliquos</span> <span class='ocrx_word' id='word_1_81' title='bbox 513 1706 705 1772; x_wconf 87' lang='lat' dir='ltr'>cohortatus</span> <span class='ocrx_word' id='word_1_82' title='bbox 735 1707 857 1771; x_wconf 86' lang='lat' dir='ltr'>milites</span> <span class='ocrx_word' id='word_1_83' title='bbox 881 1708 975 1792; x_wconf 89' lang='lat' dir='ltr'>signa</span> <span class='ocrx_word' id='word_1_84' title='bbox 999 1705 1116 1770; x_wconf 80' lang='lat' dir='ltr'>inferre</span> <span class='ocrx_word' id='word_1_85' title='bbox 1141 1718 1176 1772; x_wconf 91' lang='lat' dir='ltr'>et</span> <span class='ocrx_word' id='word_1_86' title='bbox 1207 1708 1394 1792; x_wconf 90' lang='lat' dir='ltr'>manipulos</span> 
     </span>
     <span class='ocr_line' id='line_1_12' title="bbox 345 1808 1421 1894; baseline 0.001 -20"><span class='ocrx_word' id='word_1_87' title='bbox 345 1811 458 1875; x_wconf 87' lang='lat' dir='ltr'>laxare</span> <span class='ocrx_word' id='word_1_88' title='bbox 488 1810 589 1888; x_wconf 88' lang='lat' dir='ltr'>iussit,</span> <span class='ocrx_word' id='word_1_89' title='bbox 614 1830 681 1894; x_wconf 92' lang='lat' dir='ltr'>quo</span> <span class='ocrx_word' id='word_1_90' title='bbox 708 1808 834 1875; x_wconf 77' lang='lat' dir='ltr'>facilius</span> <span class='ocrx_word' id='word_1_91' title='bbox 863 1810 982 1894; x_wconf 88' lang='lat' dir='ltr'>gladiis</span> <span class='ocrx_word' id='word_1_92' title='bbox 1013 1810 1061 1874; x_wconf 92' lang='lat' dir='ltr'>uti</span> <span class='ocrx_word' id='word_1_93' title='bbox 1088 1821 1235 1892; x_wconf 89' lang='lat' dir='ltr'>possent.</span> <span class='ocrx_word' id='word_1_94' title='bbox 1291 1812 1421 1883; x_wconf 70' lang='lat' dir='ltr'>Cuiusa</span> 
     </span>
     <span class='ocr_line' id='line_1_13' title="bbox 347 1913 1392 1998; baseline 0.002 -20"><span class='ocrx_word' id='word_1_95' title='bbox 347 1915 492 1979; x_wconf 88' lang='lat' dir='ltr'>adventu</span> <span class='ocrx_word' id='word_1_96' title='bbox 510 1933 569 1998; x_wconf 90' lang='lat' dir='ltr'>spe</span> <span class='ocrx_word' id='word_1_97' title='bbox 592 1913 684 1977; x_wconf 87' lang='lat' dir='ltr'>illata</span> <span class='ocrx_word' id='word_1_98' title='bbox 700 1914 859 1978; x_wconf 89' lang='lat' dir='ltr'>militibus</span> <span class='ocrx_word' id='word_1_99' title='bbox 880 1934 919 1978; x_wconf 92' lang='lat' dir='ltr'>ac</span> <span class='ocrx_word' id='word_1_100' title='bbox 935 1914 1159 1996; x_wconf 91' lang='lat' dir='ltr'>redintegrato</span> <span class='ocrx_word' id='word_1_101' title='bbox 1179 1915 1300 1990; x_wconf 89' lang='lat' dir='ltr'>animo,</span> <span class='ocrx_word' id='word_1_102' title='bbox 1316 1935 1392 1980; x_wconf 91' lang='lat' dir='ltr'>cum</span> 
     </span>
    </p>
   </div>
   <div class='ocr_carea' id='block_1_3' title="bbox 184 2018 1449 3136">
    <p class='ocr_par' dir='ltr' id='par_1_3' title="bbox 346 2018 1393 2306">
     <span class='ocr_line' id='line_1_14' title="bbox 346 2018 1393 2102; baseline 0 -20"><span class='ocrx_word' id='word_1_103' title='bbox 346 2039 408 2101; x_wconf 89' lang='lat' dir='ltr'>pro</span> <span class='ocrx_word' id='word_1_104' title='bbox 423 2039 459 2082; x_wconf 90' lang='lat' dir='ltr'>se</span> <span class='ocrx_word' id='word_1_105' title='bbox 474 2020 613 2102; x_wconf 90' lang='lat' dir='ltr'>quisque</span> <span class='ocrx_word' id='word_1_106' title='bbox 628 2018 661 2081; x_wconf 92' lang='lat' dir='ltr'>in</span> <span class='ocrx_word' id='word_1_107' title='bbox 677 2027 855 2102; x_wconf 87' lang='lat' dir='ltr'>conspectu</span> <span class='ocrx_word' id='word_1_108' title='bbox 877 2018 1085 2100; x_wconf 91' lang='lat' dir='ltr'>imperatoris</span> <span class='ocrx_word' id='word_1_109' title='bbox 1106 2018 1205 2082; x_wconf 87' lang='lat' dir='ltr'>etiam</span> <span class='ocrx_word' id='word_1_110' title='bbox 1225 2019 1257 2081; x_wconf 93' lang='lat' dir='ltr'>in</span> <span class='ocrx_word' id='word_1_111' title='bbox 1281 2029 1393 2082; x_wconf 86' lang='lat' dir='ltr'>extre·</span> 
     </span>
     <span class='ocr_line' id='line_1_15' title="bbox 347 2117 1393 2201; baseline -0.002 -18"><span class='ocrx_word' id='word_1_112' title='bbox 347 2120 411 2183; x_wconf 88' lang='lat' dir='ltr'>mis</span> <span class='ocrx_word' id='word_1_113' title='bbox 428 2117 496 2181; x_wconf 92' lang='lat' dir='ltr'>suis</span> <span class='ocrx_word' id='word_1_114' title='bbox 517 2119 613 2182; x_wconf 89' lang='lat' dir='ltr'>rebus</span> <span class='ocrx_word' id='word_1_115' title='bbox 635 2137 769 2199; x_wconf 91' lang='lat' dir='ltr'>operam</span> <span class='ocrx_word' id='word_1_116' title='bbox 794 2138 915 2182; x_wconf 89' lang='lat' dir='ltr'>navare</span> <span class='ocrx_word' id='word_1_117' title='bbox 935 2127 1078 2201; x_wconf 88' lang='lat' dir='ltr'>cuperet,</span> <span class='ocrx_word' id='word_1_118' title='bbox 1093 2117 1226 2201; x_wconf 88' lang='lat' dir='ltr'>paulum</span> <span class='ocrx_word' id='word_1_119' title='bbox 1246 2117 1393 2182; x_wconf 88' lang='lat' dir='ltr'>hostium</span> 
     </span>
     <span class='ocr_line' id='line_1_16' title="bbox 348 2222 733 2306; baseline -0.005 -21"><span class='ocrx_word' id='word_1_120' title='bbox 348 2224 493 2306; x_wconf 90' lang='lat' dir='ltr'>impetus</span> <span class='ocrx_word' id='word_1_121' title='bbox 508 2222 658 2286; x_wconf 92' lang='lat' dir='ltr'>tardatus</span> <span class='ocrx_word' id='word_1_122' title='bbox 673 2230 733 2286; x_wconf 90' lang='lat' dir='ltr'>est.</span> 
     </span>
    </p>

    <p class='ocr_par' dir='ltr' id='par_1_4' title="bbox 348 2323 1449 2927">
     <span class='ocr_line' id='line_1_17' title="bbox 394 2323 1449 2408; baseline -0.008 -19"><span class='ocrx_word' id='word_1_123' title='bbox 394 2324 525 2400; x_wconf 89' lang='lat' dir='ltr'>Caesar,</span> <span class='ocrx_word' id='word_1_124' title='bbox 554 2343 630 2388; x_wconf 87' lang='lat' dir='ltr'>cunr</span> <span class='ocrx_word' id='word_1_125' title='bbox 660 2324 836 2407; x_wconf 90' lang='lat' dir='ltr'>septimam</span> <span class='ocrx_word' id='word_1_126' title='bbox 867 2323 1043 2408; x_wconf 87' lang='lat' dir='ltr'>legionem,</span> <span class='ocrx_word' id='word_1_127' title='bbox 1073 2343 1159 2406; x_wconf 90' lang='lat' dir='ltr'>quae</span> <span class='ocrx_word' id='word_1_128' title='bbox 1188 2324 1284 2388; x_wconf 87' lang='lat' dir='ltr'>iuxta</span> <span class='ocrx_word' id='word_1_129' title='bbox 1314 2342 1392 2388; x_wconf 90' lang='lat' dir='ltr'>con·</span> <span class='ocrx_word' id='word_1_130' title='bbox 1406 2327 1449 2381; x_wconf 73' lang='lat'>26</span> 
     </span>
     <span class='ocr_line' id='line_1_18' title="bbox 348 2427 1394 2512; baseline -0.002 -19"><span class='ocrx_word' id='word_1_131' title='bbox 348 2430 486 2504; x_wconf 90' lang='lat' dir='ltr'>stiterat,</span> <span class='ocrx_word' id='word_1_132' title='bbox 502 2429 582 2493; x_wconf 90' lang='lat' dir='ltr'>item</span> <span class='ocrx_word' id='word_1_133' title='bbox 606 2428 712 2512; x_wconf 89' lang='lat' dir='ltr'>urgeri</span> <span class='ocrx_word' id='word_1_134' title='bbox 732 2430 776 2493; x_wconf 90' lang='lat' dir='ltr'>ab</span> <span class='ocrx_word' id='word_1_135' title='bbox 798 2429 896 2493; x_wconf 91' lang='lat' dir='ltr'>hoste</span> <span class='ocrx_word' id='word_1_136' title='bbox 918 2429 1064 2504; x_wconf 89' lang='lat' dir='ltr'>vidisset,</span> <span class='ocrx_word' id='word_1_137' title='bbox 1085 2429 1235 2492; x_wconf 89' lang='lat' dir='ltr'>tribunos</span> <span class='ocrx_word' id='word_1_138' title='bbox 1253 2427 1394 2492; x_wconf 92' lang='lat' dir='ltr'>militurn</span> 
     </span>
     <span class='ocr_line' id='line_1_19' title="bbox 350 2531 1396 2616; baseline -0.003 -19"><span class='ocrx_word' id='word_1_139' title='bbox 350 2533 490 2610; x_wconf 89' lang='lat' dir='ltr'>monuit,</span> <span class='ocrx_word' id='word_1_140' title='bbox 506 2542 543 2597; x_wconf 93' lang='lat' dir='ltr'>ut</span> <span class='ocrx_word' id='word_1_141' title='bbox 558 2531 719 2615; x_wconf 78' lang='lat' dir='ltr'>paulatIm</span> <span class='ocrx_word' id='word_1_142' title='bbox 742 2553 815 2597; x_wconf 90' lang='lat' dir='ltr'>sese</span> <span class='ocrx_word' id='word_1_143' title='bbox 838 2533 984 2616; x_wconf 88' lang='lat' dir='ltr'>legiones</span> <span class='ocrx_word' id='word_1_144' title='bbox 1006 2532 1241 2615; x_wconf 90' lang='lat' dir='ltr'>coniungerent</span> <span class='ocrx_word' id='word_1_145' title='bbox 1263 2541 1297 2596; x_wconf 89' lang='lat' dir='ltr'>et</span> <span class='ocrx_word' id='word_1_146' title='bbox 1318 2551 1396 2596; x_wconf 92' lang='lat' dir='ltr'>con-</span> 
     </span>
     <span class='ocr_line' id='line_1_20' title="bbox 349 2633 1424 2721; baseline -0.005 -21"><span class='ocrx_word' id='word_1_147' title='bbox 349 2657 445 2702; x_wconf 90' lang='lat' dir='ltr'>versa</span> <span class='ocrx_word' id='word_1_148' title='bbox 460 2637 555 2721; x_wconf 90' lang='lat' dir='ltr'>signa</span> <span class='ocrx_word' id='word_1_149' title='bbox 570 2636 603 2700; x_wconf 92' lang='lat' dir='ltr'>in</span> <span class='ocrx_word' id='word_1_150' title='bbox 618 2636 733 2701; x_wconf 88' lang='lat' dir='ltr'>hostes</span> <span class='ocrx_word' id='word_1_151' title='bbox 749 2638 913 2702; x_wconf 84' lang='lat' dir='ltr'>inferrent.</span> <span class='ocrx_word' id='word_1_152' title='bbox 956 2636 1034 2720; x_wconf 86' lang='lat' dir='ltr'>Quo</span> <span class='ocrx_word' id='word_1_153' title='bbox 1048 2636 1136 2701; x_wconf 86' lang='lat' dir='ltr'>sacto</span> <span class='ocrx_word' id='word_1_154' title='bbox 1152 2656 1227 2700; x_wconf 91' lang='lat' dir='ltr'>cum</span> <span class='ocrx_word' id='word_1_155' title='bbox 1242 2636 1326 2699; x_wconf 91' lang='lat' dir='ltr'>alius</span> <span class='ocrx_word' id='word_1_156' title='bbox 1340 2633 1396 2698; x_wconf 90' lang='lat' dir='ltr'>alii</span> <span class='ocrx_word' id='word_1_157' title='bbox 1413 2658 1424 2692; x_wconf 74' lang='grc' dir='ltr'><strong><em>ι</em></strong></span> 
     </span>
     <span class='ocr_line' id='line_1_21' title="bbox 350 2739 1397 2824; baseline 0 -21"><span class='ocrx_word' id='word_1_158' title='bbox 350 2741 534 2805; x_wconf 86' lang='lat' dir='ltr'>subsidium</span> <span class='ocrx_word' id='word_1_159' title='bbox 562 2739 670 2819; x_wconf 80' lang='lat' dir='ltr'>ferret,</span> <span class='ocrx_word' id='word_1_160' title='bbox 697 2762 803 2824; x_wconf 91' lang='lat' dir='ltr'>neque</span> <span class='ocrx_word' id='word_1_161' title='bbox 828 2742 994 2819; x_wconf 85' lang='lat' dir='ltr'>timerent,</span> <span class='ocrx_word' id='word_1_162' title='bbox 1020 2761 1062 2805; x_wconf 92' lang='lat' dir='ltr'>ne</span> <span class='ocrx_word' id='word_1_163' title='bbox 1094 2741 1199 2804; x_wconf 90' lang='lat' dir='ltr'>aversi</span> <span class='ocrx_word' id='word_1_164' title='bbox 1228 2739 1273 2805; x_wconf 87' lang='lat' dir='ltr'>ab</span> <span class='ocrx_word' id='word_1_165' title='bbox 1300 2740 1397 2804; x_wconf 93' lang='lat' dir='ltr'>hoste</span> 
     </span>
     <span class='ocr_line' id='line_1_22' title="bbox 351 2844 1399 2927; baseline -0.004 -17"><span class='ocrx_word' id='word_1_166' title='bbox 351 2845 673 2923; x_wconf 88' lang='lat' dir='ltr'>circumvenirentur,</span> <span class='ocrx_word' id='word_1_167' title='bbox 691 2846 848 2910; x_wconf 89' lang='lat' dir='ltr'>audacius</span> <span class='ocrx_word' id='word_1_168' title='bbox 871 2846 1022 2909; x_wconf 88' lang='lat' dir='ltr'>resistere</span> <span class='ocrx_word' id='word_1_169' title='bbox 1043 2865 1083 2910; x_wconf 87' lang='lat' dir='ltr'>ac</span> <span class='ocrx_word' id='word_1_170' title='bbox 1108 2844 1225 2908; x_wconf 75' lang='lat' dir='ltr'>fortius</span> <span class='ocrx_word' id='word_1_171' title='bbox 1250 2863 1399 2927; x_wconf 88' lang='lat' dir='ltr'>pugnare</span> 
     </span>
    </p>

    <p class='ocr_par' dir='ltr' id='par_1_5' title="bbox 184 2948 1427 3136">
     <span class='ocr_line' id='line_1_23' title="bbox 184 2948 1427 3032; baseline -0.011 -7"><span class='ocrx_word' id='word_1_172' title='bbox 184 2973 298 3024; x_wconf 71' lang='lat' dir='ltr'>warenn</span> <span class='ocrx_word' id='word_1_173' title='bbox 350 2956 540 3032; x_wconf 87' lang='lat' dir='ltr'>coeperunt.</span> <span class='ocrx_word' id='word_1_174' title='bbox 587 2948 726 3013; x_wconf 84' lang='lat' dir='ltr'>Interim</span> <span class='ocrx_word' id='word_1_175' title='bbox 747 2949 870 3014; x_wconf 87' lang='lat' dir='ltr'>milites</span> <span class='ocrx_word' id='word_1_176' title='bbox 892 2948 1063 3031; x_wconf 86' lang='lat' dir='ltr'>legionum</span> <span class='ocrx_word' id='word_1_177' title='bbox 1086 2949 1236 3026; x_wconf 88' lang='lat' dir='ltr'>duarum,</span> <span class='ocrx_word' id='word_1_178' title='bbox 1256 2967 1342 3030; x_wconf 92' lang='lat' dir='ltr'>quae</span> <span class='ocrx_word' id='word_1_179' title='bbox 1364 2948 1427 3025; x_wconf 82' lang='lat' dir='ltr'>in3</span> 
     </span>
     <span class='ocr_line' id='line_1_24' title="bbox 184 3038 1399 3136; baseline -0.004 -17"><span class='ocrx_word' id='word_1_180' title='bbox 184 3038 296 3103; x_wconf 55' lang='lat' dir='ltr'>“wiell</span> <span class='ocrx_word' id='word_1_181' title='bbox 351 3053 531 3118; x_wconf 89' lang='lat' dir='ltr'>novissimo</span> <span class='ocrx_word' id='word_1_182' title='bbox 547 3052 680 3136; x_wconf 88' lang='lat' dir='ltr'>agmine</span> <span class='ocrx_word' id='word_1_183' title='bbox 692 3053 856 3135; x_wconf 90' lang='lat' dir='ltr'>praesidio</span> <span class='ocrx_word' id='word_1_184' title='bbox 869 3052 1115 3135; x_wconf 89' lang='lat' dir='ltr'>impedimentis</span> <span class='ocrx_word' id='word_1_185' title='bbox 1125 3052 1263 3130; x_wconf 85' lang='lat' dir='ltr'>fuerant,</span> <span class='ocrx_word' id='word_1_186' title='bbox 1272 3051 1399 3134; x_wconf 91' lang='lat' dir='ltr'>proelio</span> 
     </span>
    </p>
   </div>
   <div class='ocr_carea' id='block_1_4' title="bbox 185 3108 1398 3232">
    <p class='ocr_par' dir='ltr' id='par_1_6' title="bbox 185 3108 1398 3232">
     <span class='ocr_line' id='line_1_25' title="bbox 185 3108 1398 3232; baseline -0.002 -12"><span class='ocrx_word' id='word_1_187' title='bbox 185 3108 339 3232; x_wconf 48' lang='lat' dir='ltr'>llssl&#39;o&#39;rygfm</span> <span class='ocrx_word' id='word_1_188' title='bbox 352 3158 504 3222; x_wconf 89' lang='lat' dir='ltr'>nuntiato</span> <span class='ocrx_word' id='word_1_189' title='bbox 519 3176 614 3220; x_wconf 89' lang='lat' dir='ltr'>cursu</span> <span class='ocrx_word' id='word_1_190' title='bbox 632 3156 768 3221; x_wconf 88' lang='lat' dir='ltr'>incitato</span> <span class='ocrx_word' id='word_1_191' title='bbox 787 3156 820 3220; x_wconf 92' lang='lat' dir='ltr'>in</span> <span class='ocrx_word' id='word_1_192' title='bbox 836 3175 969 3219; x_wconf 92' lang='lat' dir='ltr'>summo</span> <span class='ocrx_word' id='word_1_193' title='bbox 989 3154 1074 3219; x_wconf 90' lang='lat' dir='ltr'>colle</span> <span class='ocrx_word' id='word_1_194' title='bbox 1088 3158 1132 3219; x_wconf 92' lang='lat' dir='ltr'>ab</span> <span class='ocrx_word' id='word_1_195' title='bbox 1151 3154 1303 3220; x_wconf 92' lang='lat' dir='ltr'>hostibus</span> <span class='ocrx_word' id='word_1_196' title='bbox 1320 3176 1398 3220; x_wconf 93' lang='lat' dir='ltr'>con·</span> 
     </span>
    </p>
   </div>
   <div class='ocr_carea' id='block_1_5' title="bbox 352 3259 1430 3658">
    <p class='ocr_par' dir='ltr' id='par_1_7' title="bbox 352 3259 1430 3658">
     <span class='ocr_line' id='line_1_26' title="bbox 352 3259 1430 3347; baseline -0.003 -21"><span class='ocrx_word' id='word_1_197' title='bbox 352 3261 585 3347; x_wconf 89' lang='lat' dir='ltr'>spiciebantur,</span> <span class='ocrx_word' id='word_1_198' title='bbox 600 3269 635 3325; x_wconf 90' lang='lat' dir='ltr'>et</span> <span class='ocrx_word' id='word_1_199' title='bbox 657 3259 754 3323; x_wconf 90' lang='lat' dir='ltr'>Titus</span> <span class='ocrx_word' id='word_1_200' title='bbox 779 3259 946 3324; x_wconf 89' lang='lat' dir='ltr'>Labienus</span> <span class='ocrx_word' id='word_1_201' title='bbox 964 3260 1080 3324; x_wconf 90' lang='lat' dir='ltr'>castris</span> <span class='ocrx_word' id='word_1_202' title='bbox 1103 3259 1249 3324; x_wconf 88' lang='lat' dir='ltr'>hostiurn</span> <span class='ocrx_word' id='word_1_203' title='bbox 1272 3261 1430 3342; x_wconf 84' lang='lat' dir='ltr'>potitus4</span> 
     </span>
     <span class='ocr_line' id='line_1_27' title="bbox 352 3364 1401 3448; baseline -0.001 -18"><span class='ocrx_word' id='word_1_204' title='bbox 352 3378 386 3430; x_wconf 90' lang='lat' dir='ltr'>et</span> <span class='ocrx_word' id='word_1_205' title='bbox 400 3388 445 3430; x_wconf 87' lang='lat' dir='ltr'>ex</span> <span class='ocrx_word' id='word_1_206' title='bbox 461 3366 534 3429; x_wconf 88' lang='lat' dir='ltr'>loco</span> <span class='ocrx_word' id='word_1_207' title='bbox 548 3364 724 3447; x_wconf 86' lang='lat' dir='ltr'>superiore,</span> <span class='ocrx_word' id='word_1_208' title='bbox 735 3383 821 3446; x_wconf 90' lang='lat' dir='ltr'>quae</span> <span class='ocrx_word' id='word_1_209' title='bbox 837 3385 888 3428; x_wconf 90' lang='lat' dir='ltr'>res</span> <span class='ocrx_word' id='word_1_210' title='bbox 900 3365 932 3427; x_wconf 94' lang='lat' dir='ltr'>in</span> <span class='ocrx_word' id='word_1_211' title='bbox 945 3365 1065 3429; x_wconf 88' lang='lat' dir='ltr'>nostris</span> <span class='ocrx_word' id='word_1_212' title='bbox 1076 3365 1192 3429; x_wconf 88' lang='lat' dir='ltr'>castris</span> <span class='ocrx_word' id='word_1_213' title='bbox 1203 3375 1401 3448; x_wconf 89' lang='lat' dir='ltr'>gererentur,</span> 
     </span>
     <span class='ocr_line' id='line_1_28' title="bbox 353 3468 1400 3553; baseline -0.002 -19"><span class='ocrx_word' id='word_1_214' title='bbox 353 3471 564 3553; x_wconf 89' lang='lat' dir='ltr'>conspicatus</span> <span class='ocrx_word' id='word_1_215' title='bbox 590 3470 754 3535; x_wconf 91' lang='lat' dir='ltr'>decimam</span> <span class='ocrx_word' id='word_1_216' title='bbox 779 3468 944 3551; x_wconf 90' lang='lat' dir='ltr'>legionem</span> <span class='ocrx_word' id='word_1_217' title='bbox 969 3468 1119 3532; x_wconf 93' lang='lat' dir='ltr'>subsidio</span> <span class='ocrx_word' id='word_1_218' title='bbox 1148 3470 1270 3533; x_wconf 89' lang='lat' dir='ltr'>nostris</span> <span class='ocrx_word' id='word_1_219' title='bbox 1300 3470 1400 3535; x_wconf 88' lang='lat' dir='ltr'>misit.</span> 
     </span>
     <span class='ocr_line' id='line_1_29' title="bbox 355 3571 1429 3658; baseline -0.001 -20"><span class='ocrx_word' id='word_1_220' title='bbox 355 3574 433 3658; x_wconf 82' lang='lat' dir='ltr'>Qui,</span> <span class='ocrx_word' id='word_1_221' title='bbox 448 3594 524 3639; x_wconf 93' lang='lat' dir='ltr'>cum</span> <span class='ocrx_word' id='word_1_222' title='bbox 539 3594 584 3638; x_wconf 86' lang='lat' dir='ltr'>ex</span> <span class='ocrx_word' id='word_1_223' title='bbox 601 3573 749 3655; x_wconf 89' lang='lat' dir='ltr'>equitum</span> <span class='ocrx_word' id='word_1_224' title='bbox 773 3580 807 3636; x_wconf 91' lang='lat' dir='ltr'>et</span> <span class='ocrx_word' id='word_1_225' title='bbox 829 3572 981 3637; x_wconf 90' lang='lat' dir='ltr'>calonum</span> <span class='ocrx_word' id='word_1_226' title='bbox 1004 3571 1092 3656; x_wconf 86' lang='lat' dir='ltr'>fuga,</span> <span class='ocrx_word' id='word_1_227' title='bbox 1107 3592 1175 3655; x_wconf 90' lang='lat' dir='ltr'>quo</span> <span class='ocrx_word' id='word_1_228' title='bbox 1199 3573 1231 3637; x_wconf 94' lang='lat' dir='ltr'>in</span> <span class='ocrx_word' id='word_1_229' title='bbox 1254 3573 1328 3640; x_wconf 90' lang='lat' dir='ltr'>loco</span> <span class='ocrx_word' id='word_1_230' title='bbox 1351 3594 1429 3648; x_wconf 88' lang='lat' dir='ltr'>res5</span> 
     </span>
    </p>
   </div>
   <div class='ocr_carea' id='block_1_6' title="bbox 357 3707 1403 4168">
    <p class='ocr_par' dir='ltr' id='par_1_8' title="bbox 357 3707 1403 4168">
     <span class='ocr_line' id='line_1_30' title="bbox 388 3707 1403 3776; baseline 0 -15"><span class='ocrx_word' id='word_1_231' title='bbox 388 3716 600 3769; x_wconf 77' lang='lat' dir='ltr'>nequest</span> <span class='ocrx_word' id='word_1_232' title='bbox 633 3709 679 3761; x_wconf 85' lang='lat' dir='ltr'>See</span> <span class='ocrx_word' id='word_1_233' title='bbox 698 3709 735 3760; x_wconf 91' lang='lat' dir='ltr'>iii.</span> <span class='ocrx_word' id='word_1_234' title='bbox 755 3723 795 3772; x_wconf 82' lang='lat'>14,</span> <span class='ocrx_word' id='word_1_235' title='bbox 814 3715 862 3773; x_wconf 76' lang='lat'>§4</span> <span class='ocrx_word' id='word_1_236' title='bbox 899 3707 997 3760; x_wconf 68' lang='lat' dir='ltr'>shleld!</span> <span class='ocrx_word' id='word_1_237' title='bbox 1029 3709 1112 3759; x_wconf 77' lang='lat' dir='ltr'>‘l’bere</span> <span class='ocrx_word' id='word_1_238' title='bbox 1133 3726 1237 3776; x_wconf 79' lang='lat' dir='ltr'>appears</span> <span class='ocrx_word' id='word_1_239' title='bbox 1262 3719 1289 3761; x_wconf 90' lang='lat' dir='ltr'>to</span> <span class='ocrx_word' id='word_1_240' title='bbox 1311 3714 1343 3762; x_wconf 90' lang='lat' dir='ltr'>be</span> <span class='ocrx_word' id='word_1_241' title='bbox 1369 3727 1403 3761; x_wconf 89' lang='lat' dir='ltr'>no</span> 
     </span>
     <span class='ocr_line' id='line_1_31' title="bbox 357 3774 1402 3842; baseline -0.001 -15"><span class='ocrx_word' id='word_1_242' title='bbox 357 3781 452 3842; x_wconf 86' lang='lat' dir='ltr'>‘neque</span> <span class='ocrx_word' id='word_1_243' title='bbox 464 3814 488 3826; x_wconf 91' lang='lat'>..</span> <span class='ocrx_word' id='word_1_244' title='bbox 502 3814 510 3828; x_wconf 89' lang='lat'><strong>.</strong></span> <span class='ocrx_word' id='word_1_245' title='bbox 522 3774 563 3826; x_wconf 67' lang='lat' dir='ltr'>et!</span> <span class='ocrx_word' id='word_1_246' title='bbox 899 3791 987 3826; x_wconf 74' lang='lat' dir='ltr'>reason</span> <span class='ocrx_word' id='word_1_247' title='bbox 997 3775 1036 3824; x_wconf 83' lang='lat' dir='ltr'>ior</span> <span class='ocrx_word' id='word_1_248' title='bbox 1046 3775 1169 3841; x_wconf 88' lang='lat' dir='ltr'>doubting</span> <span class='ocrx_word' id='word_1_249' title='bbox 1185 3777 1227 3827; x_wconf 87' lang='lat' dir='ltr'>the</span> <span class='ocrx_word' id='word_1_250' title='bbox 1242 3779 1402 3842; x_wconf 79' lang='lat' dir='ltr'>genuineness</span> 
     </span>
     <span class='ocr_line' id='line_1_32' title="bbox 389 3841 1240 3892; baseline 0.001 -1"><span class='ocrx_word' id='word_1_251' title='bbox 389 3846 543 3892; x_wconf 78' lang='lat' dir='ltr'>subeuntes</span> <span class='ocrx_word' id='word_1_252' title='bbox 566 3844 762 3891; x_wconf 78' lang='lat' dir='ltr'>intermittere.</span> <span class='ocrx_word' id='word_1_253' title='bbox 804 3841 861 3890; x_wconf 87' lang='lat' dir='ltr'>The</span> <span class='ocrx_word' id='word_1_254' title='bbox 899 3841 929 3891; x_wconf 85' lang='lat' dir='ltr'>ol</span> <span class='ocrx_word' id='word_1_255' title='bbox 936 3842 979 3891; x_wconf 85' lang='lat' dir='ltr'>the</span> <span class='ocrx_word' id='word_1_256' title='bbox 989 3841 1071 3891; x_wconf 81' lang='lat' dir='ltr'>words</span> <span class='ocrx_word' id='word_1_257' title='bbox 1082 3842 1108 3890; x_wconf 89' lang='lat' dir='ltr'>in</span> <span class='ocrx_word' id='word_1_258' title='bbox 1120 3842 1240 3892; x_wconf 82' lang='lat' dir='ltr'>brackets.</span> 
     </span>
     <span class='ocr_line' id='line_1_33' title="bbox 357 3905 1400 4032; baseline -0.003 -74"><span class='ocrx_word' id='word_1_259' title='bbox 357 3907 594 4032; x_wconf 46' lang='lat' dir='ltr'>pepdciplerttguith</span> <span class='ocrx_word' id='word_1_260' title='bbox 605 3905 758 4022; x_wconf 40' lang='lat' dir='ltr'>”afflolleln</span> <span class='ocrx_word' id='word_1_261' title='bbox 770 3906 860 4022; x_wconf 45' lang='lat' dir='ltr'>{gellii</span> <span class='ocrx_word' id='word_1_262' title='bbox 899 3910 976 4032; x_wconf 70' lang='grc' dir='ltr'>ς26.</span> <span class='ocrx_word' id='word_1_263' title='bbox 1003 3912 1015 3967; x_wconf 69' lang='lat'><strong>5</strong></span> <span class='ocrx_word' id='word_1_264' title='bbox 1040 3921 1061 3956; x_wconf 89' lang='lat'>1.</span> <span class='ocrx_word' id='word_1_265' title='bbox 1079 3922 1151 3966; x_wconf 79' lang='lat' dir='ltr'>quas</span> <span class='ocrx_word' id='word_1_266' title='bbox 1172 3911 1259 3957; x_wconf 71' lang='lat' dir='ltr'>iuxta</span> <span class='ocrx_word' id='word_1_267' title='bbox 1292 3906 1338 3958; x_wconf 85' lang='lat' dir='ltr'>See</span> <span class='ocrx_word' id='word_1_268' title='bbox 1362 3918 1400 3968; x_wconf 80' lang='lat'>23,</span> 
     </span>
     <span class='ocr_line' id='line_1_34' title="bbox 416 3977 950 4033; baseline 0.002 -12"><span class='ocrx_word' id='word_1_269' title='bbox 416 3977 622 4033; x_wconf 80' lang='lat' dir='ltr'>a.sou,o.‘</span> <span class='ocrx_word' id='word_1_270' title='bbox 667 3988 701 4022; x_wconf 85' lang='lat' dir='ltr'>ser</span> <span class='ocrx_word' id='word_1_271' title='bbox 755 3988 771 4021; x_wconf 86' lang='lat' dir='ltr'>a</span> <span class='ocrx_word' id='word_1_272' title='bbox 818 3989 832 4022; x_wconf 90' lang='lat' dir='ltr'>e</span> <span class='ocrx_word' id='word_1_273' title='bbox 943 4009 950 4022; x_wconf 85' lang='lat'><strong>.</strong></span> 
     </span>
     <span class='ocr_line' id='line_1_35' title="bbox 358 3988 1257 4103; baseline -0.001 -14"><span class='ocrx_word' id='word_1_274' title='bbox 358 4040 421 4089; x_wconf 80' lang='lat' dir='ltr'>from</span> <span class='ocrx_word' id='word_1_275' title='bbox 432 4052 478 4087; x_wconf 85' lang='lat' dir='ltr'>one</span> <span class='ocrx_word' id='word_1_276' title='bbox 490 4038 519 4087; x_wconf 87' lang='lat' dir='ltr'>ol</span> <span class='ocrx_word' id='word_1_277' title='bbox 532 4037 575 4088; x_wconf 89' lang='lat' dir='ltr'>the</span> <span class='ocrx_word' id='word_1_278' title='bbox 590 4008 785 4088; x_wconf 70' lang='lat' dir='ltr'>s&#39;oldientnthe</span> <span class='ocrx_word' id='word_1_279' title='bbox 796 4053 859 4101; x_wconf 81' lang='lat' dir='ltr'>rear,</span> <span class='ocrx_word' id='word_1_280' title='bbox 924 3988 983 4099; x_wconf 63' lang='lat'>453.</span> <span class='ocrx_word' id='word_1_281' title='bbox 1001 4041 1128 4088; x_wconf 80' lang='lat' dir='ltr'>duarum.</span> <span class='ocrx_word' id='word_1_282' title='bbox 1160 4040 1257 4103; x_wconf 68' lang='lat'>19,§3.</span> 
     </span>
     <span class='ocr_line' id='line_1_36' title="bbox 357 4102 861 4168; baseline -0.004 -15"><span class='ocrx_word' id='word_1_283' title='bbox 357 4105 448 4168; x_wconf 79' lang='lat' dir='ltr'>having</span> <span class='ocrx_word' id='word_1_284' title='bbox 478 4117 549 4154; x_wconf 89' lang='lat' dir='ltr'>come</span> <span class='ocrx_word' id='word_1_285' title='bbox 580 4102 685 4154; x_wconf 76' lang='lat' dir='ltr'>himself</span> <span class='ocrx_word' id='word_1_286' title='bbox 712 4103 819 4154; x_wconf 78' lang='lat' dir='ltr'>without</span> <span class='ocrx_word' id='word_1_287' title='bbox 845 4118 861 4151; x_wconf 79' lang='lat' dir='ltr'>a</span> 
     </span>
    </p>
   </div>
   <div class='ocr_carea' id='block_1_7' title="bbox 0 0 1646 5134">
    <p class='ocr_par' dir='ltr' id='par_1_9' title="bbox 0 0 1646 5134">
     <span class='ocr_line' id='line_1_37' title="bbox 0 0 1646 5134; baseline 0 0"><span class='ocrx_word' id='word_1_288' title='bbox 0 0 1646 5134; x_wconf 95' lang='lat' dir='ltr'> </span> 
     </span>
    </p>
   </div>
  </div>
 </body>
</html>
