3234 5134
387 597 448 660 268
732 607 762 659 C.
787 606 882 658 ww
905 607 1094 662 CAESARIS
1339 611 1407 676 [n
1421 623 1462 660 a·

389 774 482 848 bant,
511 780 687 855 propterea
716 771 808 853 quod
839 789 947 853 neque
976 770 1077 853 longe
1104 771 1149 836 ab
1177 771 1304 854 oppido
1331 780 1457 835 eastra

390 874 669 958 Vercingetorigis
693 875 842 951 aberant,
863 883 897 939 et
921 874 1026 959 palus,
1048 894 1134 957 quae
1156 884 1318 958 perpetua
1341 875 1455 938 inter·

388 977 537 1055 cedebat,
560 978 731 1042 Romanos
756 979 800 1042 ad
824 977 1064 1062 insequendum
1087 978 1252 1044 tardabat.
1298 977 1484 1061 Iamqnes
1574 1022 1575 1051 ,

389 1080 452 1145 hoc
466 1080 574 1146 iacere
585 1092 686 1147 noctu
698 1083 918 1166 apparabant,
929 1102 1006 1147 cum
1019 1081 1286 1148 matresfamiliae
1300 1092 1454 1165 repente

389 1185 422 1248 in
442 1184 610 1268 publicum
631 1198 860 1269 procurrerunt
882 1185 1064 1270 flentesque
1084 1187 1250 1270 proiectae
1269 1187 1314 1249 ad
1337 1187 1453 1269 pedes

389 1308 522 1352 suorum
540 1290 694 1354 omnibus
711 1291 865 1373 precibus
883 1291 1057 1372 petierunt,
1071 1294 1133 1356 ‘ne
1146 1311 1183 1355 se
1196 1299 1232 1355 et
1244 1309 1452 1355 communes

390 1393 509 1457 liberos
524 1393 676 1459 hostibus
689 1394 733 1458 ad
749 1393 947 1478 supplicium
963 1395 1132 1474 dederent,
1143 1415 1228 1477 quos
1242 1394 1286 1458 ad
1301 1393 1450 1477 capien-
1575 1442 1576 1491 ,

390 1498 468 1561 darn
483 1497 596 1580 fugam
612 1509 749 1563 naturae
765 1510 798 1562 et
814 1498 930 1562 virium
947 1497 1120 1564 infirmitas
1135 1497 1331 1582 impediret!
1370 1496 1479 1563 Ubi4
1575 1520 1576 1581 j

389 1620 447 1665 eos
471 1601 504 1664 in
525 1601 692 1666 sententia
718 1612 867 1684 perstare
888 1601 1050 1678 viderunt,
1072 1603 1162 1685 quod
1188 1600 1386 1686 plenamque
1413 1602 1451 1665 in

390 1725 521 1770 summo
544 1704 690 1788 periculo
713 1705 815 1769 timor
839 1705 1097 1770 misericordiam
1121 1727 1188 1771 non
1210 1705 1335 1789 recipit,
1359 1724 1448 1768 con·

390 1809 533 1874 clamare
547 1819 582 1874 et
597 1808 783 1892 significare
798 1810 933 1893 defuga
949 1809 1109 1874 Romanis
1128 1818 1314 1893 cooperiant
1361 1808 1474 1893 Quos

388 1913 508 1978 timore
529 1913 692 1997 perterriti
710 1912 807 1991 Galli,
825 1934 867 1978 ne
887 1913 932 1979 ab
951 1913 1101 1997 equitatu
1118 1914 1350 1979 Romanorum
1365 1913 1448 1977 viae

390 2026 717 2100 praeoccuparentur,
732 2016 871 2082 consilio
887 2018 1094 2083 destiterunt

221 2108 376 2224 Cgffff
434 2121 572 2185 Postero
587 2120 642 2184 die
657 2119 781 2185 Caesar
794 2131 950 2205 promota
965 2124 1046 2188 turri
1061 2121 1260 2205 directisque
1274 2119 1446 2204 open‘bus,
1458 2130 1497 2186 at

221 2189 272 2302 {try
281 2239 371 2304 oneng
389 2244 476 2307 quae
489 2225 597 2289 iacere
612 2225 809 2301 instituerat,
821 2246 943 2310 magno
955 2238 1071 2291 coorto
1086 2226 1192 2290 imbre
1207 2246 1274 2290 non
1288 2223 1444 2289 inutilem

221 2313 334 2356 esrom.
390 2329 475 2394 hanc
504 2330 548 2393 ad
578 2329 778 2413 capiendum
803 2329 977 2395 consilium
1000 2338 1235 2414 tempestatem
1261 2329 1444 2394 arbitratus

388 2442 449 2507 est,
470 2432 562 2516 quod
588 2433 689 2517 paulo
712 2433 878 2499 incautius
899 2435 1066 2499 custodias
1088 2435 1121 2498 in
1143 2453 1239 2498 muro
1260 2432 1443 2517 dispositas

388 2538 533 2616 videbat,
557 2558 700 2621 suosque
730 2538 919 2624 languidius
944 2538 978 2603 in
1000 2560 1102 2622 opere
1124 2537 1245 2603 versari
1274 2537 1372 2602 iussit
1394 2546 1442 2609 et,

389 2641 466 2724 quid
495 2639 563 2705 fieri
589 2642 698 2722 vellet,
721 2644 877 2708 ostendit.
923 2641 1192 2727 Legionibusque
1219 2641 1304 2706 intra
1325 2641 1468 2705 vinens:

387 2745 420 2809 in
443 2746 574 2811 occulto
596 2746 761 2828 expeditis
783 2747 984 2823 cohortatus,
999 2757 1036 2811 ut
1058 2746 1237 2830 aliquando
1256 2765 1318 2830 pro
1337 2744 1443 2809 tanfis

323 2908 327 2916 .
388 2849 557 2913 laboribus
586 2849 727 2914 iructum
752 2851 909 2917 victoriae
938 2851 1156 2935 perciperent,
1179 2851 1228 2925 iis,
1258 2851 1315 2933 qui
1341 2848 1443 2932 primi

388 2971 517 3015 murum
554 2954 790 3034 ascendissent,
822 2954 970 3037 praemia
1004 2955 1178 3039 proposuit
1216 2952 1444 3035 militibusque

389 3056 520 3139 signum
548 3056 648 3120 dedit.
695 3056 747 3121 illi
772 3058 884 3123 subito
907 3079 951 3123 ex
974 3059 1130 3122 omnibus
1155 3058 1305 3143 partibus
1328 3056 1470 3121 evola-3

387 3171 506 3227 verunt
528 3181 726 3245 murumque
746 3162 894 3228 celeriter
916 3163 1172 3248 compleverunt.

434 3266 560 3332 Hostes
578 3286 612 3329 re
634 3285 720 3330 nova
740 3266 901 3351 perterriti
923 3287 1016 3331 muro
1039 3267 1249 3348 turribusque
1266 3263 1385 3329 deiecti
1407 3264 1439 3328 in
1452 3265 1494 3320 ²⁸

388 3371 462 3437 soro
488 3391 527 3436 ac
553 3370 635 3435 locis
661 3370 904 3454 patentioribus
929 3371 1096 3434 cuneatim
1124 3369 1354 3447 constiterunt,
1377 3368 1442 3432 hoc

389 3477 511 3551 animo,
534 3485 580 3552 ut,
602 3476 628 3540 si
657 3495 725 3559 qua
749 3495 793 3539 ex
821 3486 917 3558 parte
943 3473 1075 3539 obviam
1100 3468 1244 3563 [contra]
1267 3474 1443 3547 veniretur,

390 3582 461 3644 acie
487 3582 646 3645 instructa
671 3581 908 3664 depugnarent
955 3578 1025 3644 Ubi
1053 3578 1218 3641 neminem
1242 3577 1275 3640 in
1299 3596 1469 3658 aequuw

389 3682 500 3748 locum
515 3704 587 3749 sese
602 3684 786 3761 demittere,
796 3684 855 3747 sed
870 3692 943 3746 toto
958 3681 1103 3763 undique
1118 3701 1213 3745 muro
1225 3679 1442 3746 circumfundi

390 3787 550 3865 viderunt,
565 3787 670 3866 veriti,
685 3806 728 3850 ne
748 3787 884 3852 omnino
903 3806 980 3869 spes
994 3785 1091 3869 fugae
1112 3784 1290 3860 tolleretur,
1305 3784 1443 3850 abiectis

422 3923 465 3974 27.
480 3925 493 3980 t
508 3935 530 3972 1.
554 3938 677 3982 suosque
701 3960 707 3973 .
731 3957 738 3972 .
761 3959 769 3973 .
793 3926 888 3973 lmeit.
939 3922 983 3973 the
999 3921 1103 3986 reading
1120 3920 1149 3971 oi
1163 3921 1207 3972 the
1227 3920 1310 3982 MSS,
1328 3936 1400 3971 some
1416 3922 1445 3971 oi

390 3985 446 4035 'lbe
457 3990 464 4013 ⁴
473 3986 535 4052 que'
546 3989 663 4054 oonples‘
673 3988 745 4040 iussit
752 3988 759 4011 '
767 3997 795 4039 to
806 3994 814 4017 ⁴
824 3989 889 4039 arbi·
938 3988 1021 4038 which
1029 3988 1093 4037 beve
1103 3986 1294 4044 ‘exuerim'
1301 3985 1351 4037 and
1358 3987 1442 4037 others

390 4059 469 4102 tratus
479 4050 533 4101 est)
941 4050 1227 4106 ‘extremumue’

423 4122 472 4179 §a
490 4120 689 4170 mnrium
721 4119 784 4170 This
802 4120 826 4169 is
844 4128 889 4170 not
