3234 5134
178 647 227 697 28.
240 642 266 709 1]
417 643 470 694 DE
492 643 616 695 BELLO
641 643 811 695 GALLICO.
862 642 935 694 LIB.
963 644 1002 694 VI
1174 597 1234 712 ἐξ,

146 824 164 872 a
180 803 315 888 palmae
330 806 479 890 ramique
499 805 566 871 late
585 805 824 871 diffunduntur.
870 806 1000 871 Eadem
1020 816 1072 871 eat
1092 804 1235 872 feminae

181 910 349 993 marisque
363 920 492 988 natura,
504 913 621 976 eadem
637 908 743 975 forma
759 910 1020 993 magnitudoque
1034 921 1202 975 cornuum.

115 1016 164 1071 27
227 1013 313 1079 Sunt
333 1016 421 1092 item,
440 1034 527 1098 quae
552 1014 762 1099 appellantur
784 1014 881 1079 alces.
928 1015 1057 1078 Harum
1079 1025 1130 1079 est
1152 1023 1311 1078 con-Elka

179 1118 295 1182 similis
309 1119 417 1203 capris
432 1117 535 1202 figura
551 1130 585 1184 et
599 1119 741 1183 varietas
763 1117 907 1202 pellium,
923 1120 981 1182 sed
1003 1119 1231 1202 magnitudine

179 1221 281 1306 paulo
302 1224 503 1288 antecedunt
522 1222 723 1306 mutilaeque
744 1231 823 1286 sunt
837 1222 989 1287 cornibus
1004 1232 1039 1288 et
1052 1242 1148 1288 crura
1163 1223 1233 1288 sine

148 1326 276 1390 anodis
297 1324 512 1409 articulisque
532 1325 667 1402 habent,
682 1345 790 1408 neque
813 1326 931 1408 quietis
954 1346 1053 1391 causa
1078 1347 1231 1409 procum-

178 1430 265 1493 bunt
281 1449 397 1512 neque,
411 1430 439 1494 si
455 1450 522 1511 quo
537 1429 679 1495 afflictae
693 1448 772 1493 casu
787 1429 1010 1504 conciderunt,
1019 1430 1144 1514 erigere
1157 1451 1232 1496 sese

148 1542 239 1600 aaut
253 1532 426 1598 sublevare
447 1544 595 1618 possunt.
642 1532 707 1596 His
724 1543 801 1598 sunt
815 1533 950 1597 arbores
965 1553 1026 1616 pro
1046 1534 1229 1599 cubilibus:

179 1638 224 1702 ad
250 1657 307 1702 eas
328 1658 365 1702 se
385 1638 554 1722 applicant
575 1647 677 1720 atque
699 1637 747 1702 ita
769 1638 904 1721 paulum
928 1638 1029 1701 modo
1056 1636 1230 1704 reclinatae

147 1741 326 1823 4quietem
342 1742 485 1824 capiunt.
530 1740 680 1824 Quarum
695 1761 739 1804 ex
753 1742 902 1827 vestigiis
921 1761 996 1807 cum
1012 1750 1063 1804 est
1081 1741 1230 1807 animad-

178 1863 311 1908 versum
325 1865 346 1909 a
360 1845 578 1917 venatoribus,
593 1865 661 1928 quo
680 1865 717 1909 se
739 1845 883 1929 recipere
903 1845 1099 1921 consuerint,
1114 1865 1229 1910 ornnes

179 1969 221 2013 eo
236 1948 310 2013 loco
325 1956 384 2013 aut
403 1948 448 2012 ab
469 1949 633 2013 radicibus
655 1948 818 2013 subruunt
835 1958 894 2013 aut
911 1949 1066 2012 accidunt
1083 1947 1227 2028 arbores,

179 2062 308 2117 tantum
331 2061 369 2116 ut
390 2071 521 2115 summa
542 2053 669 2134 species
690 2072 803 2116 earum
831 2052 990 2116 stantium
1017 2051 1227 2134 relinquatur.

149 2169 164 2216 5
179 2156 256 2220 Huc
271 2176 346 2221 cum
361 2176 398 2220 se
412 2155 648 2221 consuetudine
670 2154 917 2229 reclinaverunt.
933 2154 1078 2220 infirmas
1093 2157 1227 2221 arbores

177 2262 326 2343 pondere
347 2258 498 2344 affligunt
519 2270 621 2341 atque
644 2279 709 2323 una
731 2259 823 2343 ipsae
844 2260 1034 2323 concidunt.

116 2362 160 2415 ²⁸
221 2364 372 2428 Tertium
407 2375 458 2430 est
498 2382 603 2448 genus
645 2383 771 2442 eorum,
813 2363 869 2445 qui
909 2364 960 2426 uri
1004 2362 1222 2445 appellantur.
1234 2375 1288 2428 Uri.

211 2511 254 2561 27.
267 2511 280 2567 ᾖ
292 2522 313 2557 1.
326 2511 406 2560 alone.
429 2506 523 2572 Pliny's
533 2514 641 2559 account
652 2506 681 2557 oi
727 2506 972 2567 cheronensem
985 2507 1079 2557 animal
1088 2515 1153 2557 must
1164 2524 1227 2558 once

179 2573 220 2623 the
229 2573 388 2624 elkirmuch
398 2574 476 2624 entier
484 2582 511 2624 to
519 2574 678 2638 acoeptthan
728 2571 938 2623 havehndhomn
957 2573 1046 2632 Varro,
1054 2573 1082 2621 L.
1091 2573 1120 2622 L.
1130 2574 1226 2636 ἥκω

179 2637 274 2688 thetol
282 2638 380 2690 Caesar.
409 2639 451 2689 lle
461 2641 552 2705 simply
563 2655 619 2703 says
631 2640 677 2700 (Ν.
728 2639 766 2687 ‘si
781 2638 836 2703 quia
847 2637 936 2687 viderit
952 2638 1066 2688 mutilum
1078 2639 1167 2688 bovem
1183 2648 1226 2690 aut

180 2703 216 2754 H.
227 2705 304 2782 viiij
322 2707 365 2781 39)
381 2707 521 2781 ‘praeterea
535 2705 605 2755 alcen
620 2704 678 2765 (sert
727 2703 832 2789 luscum,
847 2702 974 2752 hominem
995 2703 1226 2771 claudicantemque

178 2769 677 2900 mmppipgvgpssffipgpppiw
725 2784 930 2894 eqpn'mmssm
939 2849 1000 2884 aare
1009 2840 1058 2883 aut
1066 2838 1224 2887 sublevare.

179 2901 403 2964 butimmediately
431 2901 676 2952 oeeoutodercribe
726 2899 799 2964 long
829 2899 959 2951 translates
993 2900 1044 2949 ‘ret
1075 2899 1224 2952 themselves

179 2968 256 3018 under
266 2968 309 3017 the
317 2983 390 3017 orme
399 2917 545 3017 ol‘acblis'
558 2967 600 3015 the
608 2982 676 3016 same
725 2965 830 3029 straight
851 2981 880 3015 or
901 2966 965 3016 raiae
992 2965 1156 3028 themselvec,'
1179 2967 1224 3018 hut

178 3033 246 3084 beust
262 3033 344 3085 which
359 3033 452 3083 Caesar
467 3031 513 3081 has
532 3031 629 3097 spoken
648 3032 679 3081 ol
725 3032 831 3096 perbapr
843 3031 934 3081 Caesar
945 3032 991 3080 has
1002 3031 1059 3082 here
1070 3032 1133 3082 been
1143 3032 1225 3097 guilty

177 3114 205 3149 ar
217 3098 314 3157 ‘aloem'
334 3099 447 3163 together
466 3098 525 3147 with
545 3099 589 3148 the
606 3113 675 3147 rame
724 3097 754 3147 oi
762 3113 778 3146 a
787 3097 904 3147 merebit
916 3096 1092 3162 ottantology.

178 3164 251 3215 mode
270 3164 300 3214 oi
318 3164 405 3214 huntio
445 3163 473 3214 it.
518 3163 590 3227 Pliny
612 3162 675 3212 adds
760 3167 809 3225 54.
829 3166 865 3212 ab
873 3162 1222 3223 radioibru,‘attberoots.’

178 3230 333 3280 abeantiiul
357 3238 399 3280 ton
456 3237 484 3278 to
506 3229 538 3278 its
560 3229 674 3293 pertrait,
756 3234 871 3278 tantm
898 3234 932 3278 ut
961 3243 1077 3289 rumina,
1101 3231 1155 3285 bo..
1178 3232 1223 3278 ‘ro

178 3294 284 3358 namely‚
294 3295 349 3345 that
359 3296 392 3345 its
403 3310 483 3360 upper
493 3293 531 3359 lip
542 3294 603 3343 isso
613 3293 674 3358 long
724 3292 778 3343 that
795 3294 865 3345 there
881 3295 903 3343 is
919 3293 964 3343 lest
980 3293 1039 3357 only
1050 3309 1065 3341 o
1082 3293 1222 3357 superficiei

177 3361 230 3410 that
247 3361 267 3410 it
283 3360 327 3410 has
343 3370 370 3409 to
386 3376 459 3425 graze
476 3359 621 3409 buckwards
635 3360 674 3408 for
722 3374 876 3424 appearance
887 3359 917 3408 oi
923 3358 988 3408 their
998 3356 1130 3422 standing!

178 3426 230 3503 sear
246 3425 275 3475 ol
290 3426 395 3503 getting
406 3427 425 3474 it
447 3425 599 3503 ent-angien·
630 3425 673 3474 He
757 3429 803 3488 55.
816 3427 1030 3510 oonapotudlne,
1041 3423 1186 3500 ‘according
1194 3432 1222 3475 to

178 3498 378 3606 turta?
389 3489 673 3620 ztlltlfltfltl
722 3489 1222 3607 reuerterentur

179 3621 333 3672 'Scatinavie
359 3621 528 3685 incompertae
548 3621 673 3684 magnitu-
722 3636 875 3680 occurrence,
898 3620 947 3670 and
975 3619 1035 3683 only
1060 3618 1137 3670 found
1160 3622 1222 3673 vtth

178 3685 278 3749 dinis’).
311 3686 367 3736 The
381 3688 498 3746 aucientr,
510 3689 529 3737 it
540 3686 672 3737 shouldbe
722 3686 857 3751 particular
867 3685 956 3735 words.

179 3751 302 3810 observed,
314 3751 439 3816 imagined
446 3751 549 3802 Sweden
560 3762 587 3803 to
599 3753 629 3801 be
641 3767 673 3801 an
755 3755 799 3801 88.
808 3755 822 3810 ἃ
831 3764 850 3800 ι.
862 3755 916 3800 uri.
931 3750 1052 3815 Pliny(N.
1060 3751 1219 3816 H.rili.538)

177 3818 320 3879 relinquor
329 3817 448 3882 lrnowing
456 3817 511 3867 that
522 3820 543 3868 lt
553 3833 605 3867 war
615 3833 674 3868 con-
723 3817 848 3867 mentions
862 3817 952 3866 maned
967 3817 1051 3867 bisons
1067 3818 1170 3880 (nutari
1184 3818 1220 3868 bi·

177 3884 262 3935 nected
276 3882 337 3933 arith
352 3883 453 3949 Europe
467 3883 501 3949 by
513 3883 572 3934 land
587 3892 615 3933 to
630 3883 675 3933 the
723 3880 833 3946 ronteu')
857 3897 885 3931 aa
902 3882 1023 3948 dwelling
1040 3882 1066 3932 in
1086 3883 1219 3948 Germany‚

176 3951 254 4000 north
724 3963 752 3998 ar
764 3947 821 3996 well
833 3964 861 3997 aa
877 3946 946 4009 ‘nri,’
958 3949 1048 4009 which,
1059 3948 1091 3998 he
1101 3964 1166 4013 ceys,
1178 3964 1220 3999 are

207 4017 380 4073 mutilaeque
421 4021 489 4064 aunt
532 4017 673 4064 cornibua.
722 4013 880 4063 conioundetl
911 4014 945 4079 hy
974 4015 1016 4064 the
1046 4013 1133 4079 vulgar
1159 4014 1220 4065 with

179 4078 330 4131 ‘Homleea’
349 4096 379 4129 or
399 4078 604 4132 ‘short-home&
643 4079 674 4129 In
723 4077 1068 4145 baraton-‘excellentique
1093 4089 1118 4130 et
1145 4079 1171 4129 vl
1195 4087 1220 4129 et

178 4146 246 4196 order
262 4153 290 4197 to
309 4146 341 4197 be
362 4144 481 4196 'mutilus
498 4145 631 4206 cornibus·
647 4144 674 4194 in
723 4144 854 4196 velocitate
875 4160 942 4206 uror,
963 4145 1053 4211 quibua
1078 4146 1220 4210 imperitum

217 4227 262 4270 ἢ
676 4240 701 4306 Q
