3234 5134
176 605 260 671 ΒΜ]
403 606 457 657 DE
479 607 602 663 BELLO
627 607 797 661 GALLICO.
849 609 920 660 ΜΒ.
950 610 1002 662 1111
1163 617 1225 680 273

174 769 238 833 bus
267 767 399 837 omissis
427 768 524 834 rebus
555 769 632 835 huic
669 770 760 836 bello
797 771 959 837 servirent
995 791 1110 855 eaque,
1138 793 1226 855 quae

177 874 378 952 meruissent,
401 874 547 957 praemia
572 875 616 938 ab
639 895 675 940 se
701 874 833 941 devicta
859 875 970 942 Gallia
993 884 1225 961 exspectarent

175 978 427 1061 equitatumque
456 998 591 1043 omnem
631 989 666 1044 et
697 978 849 1062 peditum
887 980 977 1044 milia
1009 981 1124 1046 decem
1159 980 1226 1045 sibi

176 1081 325 1146 celeriter
350 1082 529 1160 mitterent,
553 1102 640 1165 quae
663 1083 698 1146 in
724 1083 898 1167 praesidiis
925 1083 972 1148 rei
994 1083 1226 1149 frumentariae

176 1206 276 1250 causa
312 1185 512 1270 disponeret,
543 1186 727 1252 exercitum
765 1188 799 1251 in
829 1188 913 1252 duas
945 1197 1055 1271 partes
1091 1188 1225 1253 divisit:

25 1318 35 1325 -
148 1300 332 1373 aquattuor
358 1289 504 1373 legiones
530 1290 564 1353 in
591 1288 740 1355 Senones
764 1290 970 1374 Parisiosque
991 1290 1140 1356 Labieno
1163 1293 1360 1357 domabimus

175 1395 297 1459 cendas
317 1394 420 1469 dedit,
434 1414 495 1458 sex
517 1394 588 1476 ipse
607 1394 640 1457 in
662 1394 831 1458 Arvernos
849 1394 892 1457 ad
913 1395 1074 1479 oppidum
1098 1393 1223 1479 Gergo.
1235 1372 1394 1488 fflgffimt

174 1497 263 1561 viam
283 1499 464 1562 secundum
487 1496 610 1561 flumen
633 1498 753 1562 Elaver
770 1499 891 1575 duxit3
913 1499 1075 1582 equitatus
1093 1511 1223 1581 partem
1235 1503 1372 1582 nouerant

30 1604 45 1643 -‘
148 1598 223 1664 silli
246 1601 403 1680 attribuit,
419 1612 547 1685 partem
569 1601 631 1664 sibi
655 1601 795 1684 reliquit.
842 1600 919 1684 Qua
939 1623 973 1666 re
991 1602 1124 1685 cognita
1140 1603 1223 1666 Ver·
1235 1571 1330 1711 {ansa

25 1714 31 1721 '
177 1705 364 1786 cingetorix
378 1705 533 1770 omnibus
553 1705 745 1788 interruptis
759 1705 832 1769 eius
846 1705 989 1769 fluminis
1008 1705 1165 1788 pontibus
1180 1707 1223 1770 ab
1237 1675 1360 1775 suffio:

177 1808 283 1873 altera
297 1807 438 1873 fluminis
452 1819 546 1892 parte
560 1810 621 1874 iter
637 1808 743 1873 iacere
759 1811 877 1892 coepit.
1235 1791 1395 1919 gffiffiy

122 1925 163 1979 35
222 1912 307 1977 Cum
324 1922 465 1996 uterque
480 1912 646 1996 utrimque
665 1914 791 1977 exisset
805 1912 981 1991 exercitus,
997 1913 1030 1977 in
1044 1922 1223 1997 conspectu
1236 1921 1371 1999 Vercinge-

178 2015 310 2100 lereque
333 2039 353 2083 e
378 2016 514 2099 regione
539 2017 655 2081 castris
685 2027 794 2083 castra
822 2020 1001 2101 ponebant.
1045 2017 1226 2100 Dispositis
1237 1987 1394 2117 gwerre

176 2120 451 2206 exploratoribus,
481 2121 597 2184 necubi
635 2119 755 2186 effecto
789 2131 893 2204 ponte
930 2121 1072 2185 Romani
1112 2123 1226 2206 copias
1238 2116 1394 2232 {²13ng

178 2226 397 2302 traducerent,
422 2236 493 2288 erat
519 2225 553 2288 in
580 2225 706 2307 magnis
731 2224 867 2291 Caesari
892 2223 1141 2289 difficultatibus
1165 2246 1225 2302 res,
1238 2273 1375 2337 Devioetq

179 2350 219 2393 ne
243 2328 402 2391 maiorem
423 2328 558 2392 aestatis
580 2338 707 2412 partem
730 2327 867 2393 flumine
888 2328 1111 2412 impediretur,
1132 2329 1317 2411 quodwhich

179 2451 247 2496 non
276 2431 342 2495 iere
370 2440 448 2496 ante
476 2441 672 2497 autumnum
704 2432 826 2496 Elaver
852 2433 941 2497 vado
969 2433 1100 2496 transiri
1129 2432 1223 2497 solet.
1236 2404 1336 2521 ἓξὲξ
1345 2469 1387 2520 the

152 2534 308 2617 altaque,
331 2555 373 2599 ne
399 2537 433 2600 id
460 2536 634 2611 accideret,
658 2535 798 2600 silvestri
822 2535 897 2600 loco
921 2536 1037 2599 castris
1063 2536 1180 2618 positis
1206 2536 1308 2600 enm.

179 2638 312 2721 regione
326 2639 423 2703 unius
436 2659 551 2704 eorum
565 2640 725 2722 pontium,
734 2660 819 2723 quos
833 2638 1088 2723 Vercingetorix
1104 2640 1225 2704 rescin-

179 2742 307 2807 dendos
327 2752 506 2821 curaverat,
520 2752 655 2826 postero
672 2743 732 2808 die
748 2762 824 2808 cum
841 2743 970 2808 duabus
988 2741 1173 2826 legionibus
1193 2744 1227 2808 in

152 2846 310 2913 socculto
336 2848 479 2923 restitit3
506 2845 647 2929 reliquas
671 2847 783 2930 copias
805 2868 881 2912 cum
907 2847 1060 2912 omnibus
1085 2847 1226 2931 impodi-

180 2952 308 3028 mentis,
330 2961 368 3015 ut
390 2960 612 3023 consueverat,
637 2950 726 3015 misit
749 2950 914 3017 immixtis
935 2950 1078 3035 captivis
1102 2952 1228 3035 quartis

211 3126 257 3172 34.
279 3125 292 3181 ς
313 3137 334 3170 2.
362 3124 519 3172 secundum
562 3124 677 3171 flumen.
728 3128 863 3186 conspectu
874 3121 937 3172 Pom
990 3121 1227 3173 mnommsnerac’

180 3188 255 3252 Qnite
272 3187 385 3238 different
401 3187 466 3237 from
486 3186 611 3237 ‘secundo
632 3186 677 3236 flu·
728 3187 784 3238 The
795 3187 913 3252 meaning
946 3186 1181 3252 waysis‘inastrai
1199 3186 1228 3237 ht

180 3254 260 3304 mine'
280 3252 333 3318 (58,
350 3253 411 3317 55).
445 3252 476 3303 In
494 3254 594 3318 coming
613 3251 677 3302 from
728 3253 871 3304 linewith':
887 3203 1228 3318 bntthlsmeaningisliable

181 3318 286 3369 Decetia
306 3319 400 3369 Caesar
421 3333 473 3368 war
493 3318 622 3382 marching
642 3333 678 3383 up
728 3327 756 3368 to
774 3334 835 3382 vary
855 3318 916 3368 with
937 3318 980 3368 the
1002 3325 1111 3368 context.
1159 3317 1227 3368 Here

179 3392 276 3435 stream.
728 3384 779 3434 and
794 3385 821 3433 in
839 3382 938 3443 §athe
952 3382 1057 3447 straight
1073 3384 1124 3432 line
1141 3383 1227 3432 isevi·

213 3453 323 3499 Elaver.
356 3449 460 3511 Neuter,
473 3456 588 3513 conuary
598 3457 625 3498 to
636 3448 678 3499 the
728 3448 815 3512 dently
829 3453 912 3499 meant
928 3454 956 3498 to
973 3448 1004 3498 be
1020 3448 1105 3497 drawn
1121 3463 1226 3513 perpen-

180 3514 385 3565 ruleforrirern
419 3515 466 3564 C.
479 3520 584 3578 5554.
622 3513 678 3564 The
728 3512 1010 3566 diculartotheriver.
1049 3512 1227 3577 Itisonlyin

181 3580 272 3630 Elaver
282 3580 304 3628 ir
314 3595 370 3629 now
381 3578 424 3631 the
459 3580 522 3631 llier.
728 3577 959 3644 tbispaasagetbat
969 3593 1008 3628 we
1022 3576 1074 3626 find
1084 3577 1127 3628 the
1138 3579 1227 3643 phrase

213 3649 321 3704 ³541.
337 3648 484 3703 cremone.
518 3644 581 3695 This
590 3644 678 3710 phrase
727 3645 788 3695 with
805 3660 821 3693 a
837 3645 926 3707 dative,
943 3643 992 3693 and
1009 3644 1066 3694 here
1081 3658 1119 3694 we
1136 3652 1226 3696 cannot

181 3712 307 3789 'fidili'
328 3725 480 3776 appearance
501 3710 540 3760 sor
561 3711 604 3760 the
625 3709 677 3760 first
728 3726 772 3774 say
789 3710 858 3776 quite
875 3707 1026 3774 confidendy
1042 3708 1096 3760 that
1115 3709 1135 3758 it
1154 3710 1177 3759 is
1195 3725 1226 3760 ro

180 3776 679 3906 fficiaiairiuiingbiiestoeff‘ii'tiss
725 3775 892 3892 oeffl‘
926 3840 990 3891 mn
1017 3840 1039 3889 n
1066 3838 1225 3892 normanna

180 3907 312 3961 boone
357 3904 678 3971 §2336,{5;58,56;
726 3902 1087 3957 emendationior‘Caesarla’

180 3971 285 4089 mg
314 3923 678 4035 itoccursalroinviiim,
762 3976 819 4034 53.
845 3974 984 4022 lmmtxtte
1017 3973 1146 4032 oentlvtr,
1175 3975 1223 4023 &a

182 4044 240 4100 tr:
280 4036 677 4102 .i.r5,§6:AL5r,§a:H.
727 4036 973 4088 'lbeurualreadin
1010 4036 1224 4103 bereis‘captir

184 4102 677 4170 1⁶,ta⁴ponam,qnaeengioneettn
726 4103 874 4169 quibusdam
890 4102 955 4155 coho
986 4101 1048 4166 bas:
1064 4102 1139 4155 while
1153 4117 1224 4155 rome
