3234 5134
317 623 376 669 110
660 620 690 672 c.
715 618 813 672 nun
835 618 1022 673 orcsms
1265 620 1367 686 [147-

314 781 397 847 velis
417 782 696 864 armamentisque
717 782 919 861 consisteret,
937 783 989 846 his
1009 781 1132 868 ereptis
1154 782 1264 848 omnis
1287 803 1365 848 usus

316 887 450 952 navium
473 905 540 951 uno
561 894 711 970 tempore
730 887 918 970 eriperetur.
964 885 1145 970 Reliquum
1165 897 1237 952 erat
1259 897 1393 952 certa-s

317 1012 394 1057 men
408 992 554 1075 positum
570 991 604 1054 in
618 992 749 1065 virtute,
765 1010 833 1072 qua
847 991 951 1056 nostri
973 991 1095 1057 milites
1115 990 1211 1055 facile
1228 1011 1364 1075 supera-

315 1099 409 1167 bant,
423 1104 526 1177 atque
542 1116 583 1160 eo
606 1096 722 1178 magis,
737 1095 828 1177 quod
844 1095 876 1159 in
897 1104 1075 1178 conspectu
1094 1094 1246 1161 Caesaris
1263 1105 1366 1178 atque

317 1195 426 1260 omnis
447 1197 615 1261 exercitus
637 1215 689 1260 res
711 1194 895 1279 gerebatur,
913 1206 950 1262 ut
972 1196 1101 1261 nullum
1123 1196 1226 1280 paulo
1248 1194 1367 1260 lortius

317 1299 442 1365 lactum
465 1299 568 1364 latere
587 1308 700 1382 posset
717 1320 725 1378 ;
747 1319 865 1364 omnes
887 1301 975 1366 enim
995 1300 1096 1366 colles
1114 1321 1154 1366 ac
1174 1300 1248 1365 loca
1268 1320 1366 1385 supe-

318 1404 416 1480 riora,
446 1404 536 1469 unde
564 1411 636 1468 erat
672 1404 880 1487 propinquus
909 1405 1085 1489 despectus
1121 1404 1155 1469 in
1193 1425 1295 1483 mare,
1322 1405 1367 1469 ab

319 1507 466 1572 exercitu
490 1508 697 1572 tenebantur.

362 1611 528 1688 Disiectis,
551 1620 587 1675 ut
616 1612 775 1689 diximus,
797 1612 969 1692 antemnis,
989 1634 1066 1680 cum
1096 1613 1243 1697 singulas
1268 1614 1367 1679 binae
1381 1624 1419 1678 15

319 1736 358 1781 ac
395 1726 509 1781 ternae
544 1736 645 1781 naves
679 1717 974 1793 circumsteterant,
1011 1718 1132 1783 milites
1168 1739 1300 1784 summa
1335 1719 1368 1782 vi

319 1821 555 1885 transcendere
584 1821 618 1884 in
647 1821 793 1886 hostiurn
824 1840 926 1886 naves
954 1822 1210 1887 contendebant.
1267 1820 1397 1906 Quodn

319 1933 499 2008 postquam
514 1924 642 1989 barbari
655 1922 724 1989 fieri
739 1925 1050 2003 animadverterunt,
1062 1925 1264 2008 expugnatis
1279 1946 1369 1990 com·

320 2028 471 2113 pluribus
486 2029 634 2107 navibus,
645 2047 721 2093 curn
737 2029 766 2093 ei
783 2029 829 2093 rei
844 2026 970 2094 nullum
986 2030 1182 2113 reperiretur
1196 2028 1368 2106 auxilium,

322 2131 402 2217 luga
415 2132 556 2197 salutem
577 2142 690 2215 petere
704 2131 953 2198 contenderunt.
997 2132 1052 2198 Ac
1067 2133 1133 2199 iarn
1155 2133 1321 2199 conversis
1336 2133 1369 2196 in
1384 2154 1398 2200 s

325 2256 399 2302 eam
427 2247 556 2321 partem
577 2236 725 2310 navibus,
750 2255 818 2318 quo
839 2245 959 2301 ventus
981 2235 1118 2315 ferebat,
1140 2247 1235 2302 tanta
1257 2237 1369 2301 subito

325 2340 465 2406 malacia
486 2360 526 2405 ac
547 2339 767 2422 tranquillitas
789 2341 932 2417 exstitit,
946 2350 983 2404 ut
1000 2360 1037 2405 se
1058 2362 1103 2405 ex
1125 2341 1199 2406 loco
1221 2361 1369 2405 commo·

323 2465 401 2510 vere
418 2465 484 2510 non
507 2452 652 2527 possent.
696 2442 794 2528 Quae
811 2444 946 2526 quidem
967 2464 1020 2508 res
1037 2445 1081 2509 ad
1101 2446 1273 2529 negotium
1292 2462 1401 2509 con-4

324 2548 502 2617 ficiendum
518 2549 666 2613 maxime
683 2547 746 2613 luit
766 2558 976 2633 opportuna:
998 2568 1077 2614 narn
1098 2548 1246 2632 singulas
1268 2549 1400 2615 nostris

326 2654 507 2718 consectati
535 2663 817 2738 expugnaverunt,
843 2663 880 2718 ut
904 2673 1089 2737 perpaucae
1118 2674 1163 2718 ex
1193 2653 1285 2719 omni
1313 2675 1372 2717 nu-

326 2776 417 2821 mero
443 2757 551 2821 noctis
573 2758 759 2822 interventu
780 2757 825 2822 ad
846 2767 967 2822 terram
994 2757 1208 2841 pervenerint,
1230 2778 1306 2822 cum
1330 2758 1373 2821 ab

326 2861 408 2924 hora
423 2857 491 2925 sere
506 2870 625 2940 quarta
638 2861 801 2943 usquead
818 2861 896 2926 solis
911 2881 1064 2926 occasum
1079 2872 1288 2945 pugnaretur.

158 2974 290 3027 sinenda
372 2960 450 3044 Quo
472 2961 599 3046 proelio
619 2962 743 3028 bellum
764 2964 971 3030 Venetorum
991 2966 1161 3047 totiusque
1179 2985 1257 3030 orae
1276 2963 1425 3030 mari-16

158 3044 301 3159 ffitffit‘
327 3066 431 3132 timae
445 3065 632 3132 confectum
648 3076 709 3130 est.
754 3068 844 3133 Nam
868 3089 943 3133 cum
959 3069 1069 3133 omnis
1083 3069 1245 3147 iuventus,
1260 3090 1375 3135 omnes
1389 3099 1401 3133 2

160 3173 245 3251 orme·
329 3172 431 3235 etiam
455 3169 614 3253 gravioris
640 3171 769 3251 aetatis,
794 3171 829 3235 in
859 3172 980 3253 quibus
1003 3172 1130 3254 aliquid
1162 3172 1287 3237 consilii
1316 3185 1374 3238 aut

158 3239 255 3290 Veneu.
330 3274 500 3359 dignitatis
515 3273 586 3349 luit,
602 3294 643 3339 eo
658 3286 888 3350 convenerant,
904 3284 977 3339 turn
997 3276 1131 3340 navium
1146 3278 1237 3359 quod
1253 3278 1376 3361 ubique

268 3376 273 3392 “
329 3379 436 3444 suerat
451 3379 484 3442 in
500 3399 601 3444 unum
620 3378 729 3443 locum
750 3385 927 3463 coegerant
941 3404 949 3457 ;
975 3379 1096 3462 quibus
1111 3380 1240 3447 amissis
1260 3382 1377 3464 reliqui
1391 3401 1405 3449 3

328 3504 436 3566 neque
459 3503 527 3566 quo
546 3503 582 3548 se
604 3482 796 3566 reciperent,
817 3503 927 3566 neque
949 3486 1232 3567 quemadmodum
1253 3488 1377 3570 oppida

185 1667 315 1725 Ἃ

364 3667 410 3725 58.
422 3669 516 3716 nolles.
536 3663 828 3731 anoleou111(vol.ll
914 3668 968 3725 §4
988 3666 1109 3713 mxime
1129 3700 1136 3714 .
1157 3702 1164 3715 .
1185 3702 1190 3714 .
1209 3671 1376 3742 opportuna

329 3727 828 3859 strueremque
879 3728 1127 3858 lime..
1140 3731 1380 3846 suumn

363 3856 829 3924 tn.tamslsors,(ponaaeta)‘eslnr’
879 3859 1012 3925 mnnlyb
1049 3860 1174 3925 euphouy.
1208 3861 1256 3925 Cp.
1278 3861 1311 3909 vi.
1336 3858 1375 3919 26,

330 3925 394 3975 This
405 3940 511 3991 appears
522 3926 644 3976 tobethe
655 3925 828 3991 onlypessnge
881 3928 982 3984 §1‘ex
1033 3925 1070 3975 'us
1086 3926 1215 3990 magisque
1230 3922 1375 3974 directum‘:

331 3990 410 4041 either
425 3991 451 4039 iu
466 4006 483 4040 a
499 3990 581 4041 Greek
601 4007 630 4042 or
646 3991 721 4040 Latin
738 3991 830 4042 author
878 3991 922 4041 vll.
946 4004 984 4053 32,
1011 3994 1024 4049 5
1053 4003 1065 4037 a
1090 3991 1218 4040 ‘maxime
1239 3991 1377 4039 necessario

331 4058 357 4106 in
373 4054 456 4105 which
472 4054 515 4106 the
531 4055 600 4106 word
616 4058 638 4106 is
654 4056 716 4106 used
732 4057 759 4106 in
778 4056 828 4108 this
878 4053 1016 4134 tempore-’2
1032 4054 1080 4140 'Ab
1099 4068 1140 4121 71,
1158 4061 1171 4116 ς
1192 4068 1203 4104 1
1225 4059 1279 4105 ‘rer
1295 4056 1377 4120 magis

331 4136 406 4173 sense.
877 4136 1032 4173 nemas.
