3234 5134
172 645 220 693 so.
234 638 263 705 5]
401 637 454 689 ns
477 637 601 690 asaro
626 634 794 690 caturco.
847 636 916 688 mn
946 636 1000 688 νη
1163 642 1227 707 277

172 810 364 885 pennovet;
385 800 547 880 hortatur,
561 810 597 865 ut
614 800 715 866 simili
738 801 875 878 ratione,
890 798 992 885 atque
1008 798 1080 886 ipse
1099 794 1224 877 fecerit,

172 927 248 971 suas
262 906 393 970 iniurias
407 915 653 990 persequantur.

109 1018 154 1075 89
217 1010 428 1093 Eporedorix
449 1009 599 1088 Aeduus,
613 1028 745 1073 summo
763 1006 838 1073 loco
859 1019 958 1074 natus
974 1007 1167 1074 adulescens
1187 1016 1222 1074 et
1234 1021 1389 1087 Eporedorix

172 1134 322 1179 summae
335 1115 427 1179 domi
442 1114 622 1199 potentiae,
636 1122 670 1178 et
687 1134 754 1178 una
767 1112 1006 1192 Viridomarus,
1022 1113 1092 1196 pari
1113 1121 1222 1178 aetate
1234 1087 1359 1204 ζζᾞ,

172 1228 207 1284 et
228 1218 343 1302 gratia,
360 1220 420 1283 sed
442 1237 561 1302 genere
581 1216 716 1301 dispari,
731 1236 831 1300 quem
851 1215 973 1281 Caesar
994 1217 1038 1281 ab
1059 1216 1223 1282 Divitiaco

172 1324 235 1388 sibi
261 1322 421 1388 traditum
448 1342 493 1385 ex
519 1321 633 1386 humili
659 1320 735 1386 loco
760 1320 804 1384 ad
830 1327 995 1384 summam
1026 1320 1222 1403 dignitatem

173 1428 386 1510 perduxerat,
404 1427 437 1489 in
459 1428 608 1508 equitum
630 1444 767 1489 numero
786 1431 1009 1488 convenerant
1025 1423 1223 1495 nominatim

145 1560 157 1594 2
172 1532 217 1595 ab
232 1551 273 1595 eo
287 1531 424 1596 evocati.
471 1530 536 1594 His
550 1538 621 1594 erat
636 1530 723 1594 inter
736 1549 773 1594 se
788 1527 832 1591 de
845 1528 1029 1611 principatu
1046 1529 1222 1607 contentio,

172 1647 206 1698 et
222 1635 255 1698 in
270 1633 326 1698 illa
341 1633 594 1717 magistratuum
609 1631 833 1696 controversia
847 1631 931 1696 alter
946 1652 1006 1714 pro
1017 1630 1221 1697 Convictoli-

143 1739 247 1817 stavi,
273 1737 357 1802 alter
381 1757 443 1821 pro
465 1736 552 1803 Coto
578 1737 715 1801 summis
738 1736 860 1819 opibus
881 1744 1118 1818 pugnaverant.
1164 1735 1220 1799 Ex
1234 1754 1389 1819 Eporedorix

172 1842 223 1906 his
252 1842 462 1924 Eporedorix
493 1840 627 1925 cognito
656 1839 817 1904 Litavicci
846 1840 985 1903 consilio
1017 1839 1126 1904 media
1154 1823 1379 1936 lerenssss‘ssgthe

172 1956 269 2012 nocte
291 1966 360 2010 rem
383 1946 425 2010 ad
450 1944 627 2010 Caesarem
647 1943 753 2007 defert
764 1963 773 2021 ;
795 1953 880 2021 orat,
899 1947 959 2006 ‘ne
979 1943 1127 2026 patiatur
1143 1944 1220 2008 civi·
1234 1902 1334 2002 ison.

171 2061 276 2116 tatem
297 2050 405 2133 pravis
426 2047 687 2113 adulescentium
711 2046 853 2111 consiliis
874 2047 918 2111 ab
940 2044 1085 2114 amicitia
1106 2047 1220 2132 populi

172 2155 318 2219 Romani
347 2150 508 2227 deficere3
540 2153 630 2235 quod
661 2149 807 2215 futurum
838 2152 1022 2234 provideat,
1045 2151 1073 2215 si
1104 2170 1140 2215 se
1169 2160 1221 2216 tot

171 2259 343 2323 hominum
380 2254 470 2319 milia
506 2275 582 2320 cum
619 2254 769 2321 hostibus
806 2255 1050 2329 coniunxerint,
1079 2275 1220 2337 quorum

171 2361 313 2426 salutem
336 2380 442 2444 neque
464 2358 643 2444 propinqui
669 2358 855 2443 neglegere,
878 2377 986 2441 neque
1018 2359 1134 2424 civitas
1156 2358 1219 2423 levi

172 2472 344 2527 momento
366 2465 538 2529 aestimare
558 2460 687 2546 posset!

106 2586 153 2639 40
217 2568 341 2650 Magna
363 2568 501 2634 affectus
524 2566 745 2631 sollicitudine
765 2565 829 2631 hoc
849 2566 968 2631 nuntio
983 2565 1114 2642 Caesar,
1128 2566 1217 2650 quod
1230 2576 1323 2627 Caesar

170 2690 302 2755 semper
329 2670 525 2735 Aeduorum
552 2670 676 2735 civitati
707 2671 882 2754 praecipue
912 2670 1103 2746 indulserat,
1129 2669 1219 2735 nulla
1230 2643 1372 2757 ffim‘

172 2774 369 2858 interposita
384 2774 591 2838 dubitatione
605 2773 752 2858 legiones
766 2773 943 2858 expeditas
957 2782 1114 2856 quattuor
1127 2774 1218 2858 equi-
1231 2782 1341 2889 3¹13?th

143 2890 344 2962 statumque
358 2898 491 2943 omnem
506 2898 550 2942 ex
570 2877 685 2942 castris
705 2878 825 2958 educit,
840 2897 900 2941 nec
919 2877 982 2942 suit
1000 2879 1145 2963 spatium
1161 2878 1219 2943 tali
1230 2854 1325 2969 ἓξὲξ,
1343 2854 1370 2889 e·

171 2994 323 3066 tempore
351 2981 394 3047 ad
428 2981 654 3047 contrahenda
689 2992 806 3060 castra,
838 2984 929 3066 quod
959 3003 1011 3048 res
1039 2983 1148 3067 posita
1185 2984 1220 3047 in

143 3088 339 3165 sceleritate
359 3087 556 3164 videbatur;
590 3085 711 3151 Gaium
734 3087 876 3151 Fabium
900 3087 1046 3170 legatum
1071 3107 1147 3152 cum
1174 3086 1219 3150 le-

169 3192 323 3276 gionibus
337 3192 466 3257 duabus
480 3191 596 3256 castris
611 3191 776 3275 praesidio
787 3190 954 3275 relinquit.
982 3191 1113 3256 Fratres
1127 3189 1219 3253 Lita-

169 3295 252 3362 vicci
272 3315 348 3361 cum
369 3294 606 3380 comprehendi
628 3294 783 3373 iussisset,
799 3295 900 3378 paulo
917 3303 997 3359 ante
1012 3293 1157 3377 repperit
1175 3294 1218 3357 ad

141 3400 285 3478 4hostes
300 3399 430 3482 fugisse.
459 3398 670 3464 Adhortatus
684 3398 814 3477 milites,
824 3419 865 3462 ne
875 3398 1058 3462 necessario
1068 3407 1219 3482 tempore

169 3504 293 3568 itineris
315 3502 428 3568 labore
452 3512 717 3586 permoveantur,
731 3501 951 3585 cupidissimis
969 3500 1123 3566 omnibus
1144 3521 1219 3584 pro·

169 3627 301 3693 gressus
316 3607 406 3671 milia
425 3626 582 3689 passuum
601 3619 680 3670 xxv
694 3625 815 3687 agmen
830 3603 1027 3669 Aeduorum
1050 3604 1218 3687 conspica-

169 3722 225 3776 tus
239 3712 387 3776 immisso
402 3710 552 3793 equitatu
571 3711 633 3775 iter
653 3728 769 3774 eorum
788 3718 936 3772 moratur
956 3717 1058 3790 atque
1078 3708 1218 3791 impedit

142 3845 156 3896 5
171 3815 403 3897 interdicitque
417 3812 578 3890 omnibus,
590 3834 631 3878 ne
643 3832 844 3896 quemquam
855 3811 1060 3876 interficiant.
1090 3812 1217 3895 Epore-

169 3920 319 4004 dorigem
342 3930 375 3984 et
392 3918 646 3994 Viridomarum,
661 3937 746 3999 quos
768 3914 814 3980 illi
835 3914 1025 3982 interlectos
1047 3916 1217 3981 existima·

202 4077 249 4124 ³0.
262 4076 276 4132 l
291 4086 313 4123 1.
336 4073 482 4134 usurum,
493 4068 670 4123 ‘introduced’
752 4072 922 4120 nominatur
934 4106 940 4120 .
953 4105 962 4123 .
973 4106 980 4120 .
991 4071 1109 4122 enom&
1130 4069 1166 4121 ill.
1176 4083 1216 4130 πο,

170 4137 218 4204 Cp.
232 4138 296 4189 Hor.
308 4138 388 4190 snt
401 4152 426 4204 9,
436 4147 477 4203 47·
720 4139 771 4195 is.
