3234 5134
178 609 229 657 80.
244 605 267 670 ι]
418 605 472 656 DE
493 603 616 658 BELLO
642 606 810 658 GALLICO.
861 606 931 657 ΗΒ.
960 607 999 657 VI
1171 614 1230 678 231

178 766 331 847 pervenit
356 765 455 841 sama,
479 769 576 853 diripi
603 768 775 833 Eburones
798 779 901 850 atque
930 766 1016 833 ultro
1042 787 1157 832 omnes
1187 768 1231 833 ad

145 895 161 944 5
178 872 340 954 praedam
356 872 493 938 evocari.
539 870 672 956 Cogunt
686 873 833 955 equitum
849 874 916 938 duo
937 872 1026 936 milia
1042 870 1230 956 Sugambri,

179 975 240 1054 qui
269 985 347 1039 sunt
378 976 524 1058 proximi
554 975 682 1051 Rheno,
706 997 728 1040 a
755 975 876 1059 quibus
905 985 1055 1060 receptos
1084 996 1128 1039 ex
1153 973 1230 1060 fuga

145 1078 363 1144 6Tencteros
387 1089 490 1163 atque
516 1080 673 1162 Usipetes
697 1099 796 1162 supra
818 1080 1001 1144 docuimus.
1046 1079 1232 1144 Transeunt

180 1181 340 1247 Rhenum
365 1183 501 1248 navibus
528 1184 718 1266 ratibusque
747 1183 883 1266 triginta
914 1184 1045 1247 milibus
1075 1204 1231 1266 passuum

179 1286 266 1350 inira
281 1307 357 1351 eum
377 1287 498 1362 locum,
513 1288 569 1352 ubi
589 1308 674 1370 pons
688 1298 760 1351 erat
780 1288 944 1371 perfectus
965 1287 1231 1369 praesidiumque

181 1409 203 1451 a
230 1388 373 1455 Caesare
401 1391 572 1467 relictum;
602 1392 725 1474 primos
750 1391 945 1455 Eburonum
974 1389 1056 1454 fines
1085 1392 1231 1475 adeunt3

182 1492 308 1559 multos
340 1516 384 1558 ex
422 1493 500 1581 suga
533 1495 702 1577 dispersos
737 1495 917 1577 excipiunt,
947 1514 1068 1577 magno
1104 1495 1233 1577 pecoris

182 1616 328 1674 numero,
344 1597 434 1663 cuius
450 1607 528 1663 sunt
543 1598 742 1682 cupidissimi
766 1596 905 1672 barbari,
922 1598 1100 1680 potiuntur.
1147 1599 1232 1662 Invi·

152 1719 167 1771 ι
183 1701 245 1765 tati
264 1702 387 1784 praeda
410 1702 539 1787 longius
558 1703 750 1785 procedunt.
799 1701 877 1765 Non
894 1700 957 1766 hos
976 1700 1070 1783 palus
1089 1702 1122 1764 in
1143 1701 1231 1767 bello

182 1803 428 1888 latrociniisque
454 1815 560 1884 natos,
585 1825 651 1869 non
682 1805 785 1868 silvae
816 1814 994 1869 morantur.
1039 1803 1168 1887 Quibus
1198 1807 1231 1869 in

183 1907 262 1973 locis
275 1909 319 1972 sit
336 1908 466 1987 Caesar,
482 1931 526 1974 ex
541 1910 681 1995 captivis
696 1918 878 1991 quaerunt3
902 1907 1085 1991 profectum
1101 1906 1230 1993 longius

182 2013 349 2096 reperiunt
370 2034 568 2097 omnemque
595 2015 778 2078 exercitum
805 2013 995 2077 discessisse
1019 2025 1230 2096 cognoscunt.

152 2129 167 2176 s
183 2115 298 2199 Atque
312 2137 395 2181 unus
409 2139 455 2183 ex
467 2117 614 2200 captivis,
630 2119 728 2200 ‘quid
741 2112 818 2192 vos,’
828 2117 943 2198 inquit,
958 2115 1061 2180 ‘hanc
1078 2116 1229 2179 miseram

181 2240 221 2283 ac
250 2232 385 2286 tenuem
416 2221 587 2287 sectamini
616 2223 784 2305 praedam,
811 2218 1035 2302 quibuslicet
1064 2220 1129 2284 iam
1159 2240 1230 2285 esse

182 2323 470 2390 fortunatissimis?
524 2326 645 2391 Tribus
671 2326 759 2390 horis
788 2325 1004 2389 Aduatucam
1034 2324 1142 2388 venire
1172 2344 1231 2406 po·

182 2429 294 2492 testis:
316 2427 382 2492 huc
403 2449 520 2495 omnes
541 2450 619 2494 suas
641 2428 791 2494 fortunas
813 2428 977 2493 exercitus
1001 2426 1229 2492 Romanorum

153 2531 341 2607 scontulit3
362 2533 514 2615 praesidii
531 2541 661 2597 tantum
677 2542 737 2609 est,
752 2542 789 2596 ut
805 2552 848 2595 ne
863 2551 974 2595 murus
989 2531 1123 2613 quidem
1145 2531 1231 2613 cingi

182 2636 297 2717 possit,
312 2655 420 2719 neque
434 2636 608 2719 quisquam
624 2637 737 2719 egredi
753 2645 852 2700 extra
877 2634 1075 2699 munitiones
1090 2634 1231 2699 audeat!

139 2764 170 2799 ιο
183 2737 308 2802 Oblata
335 2758 397 2822 spe
427 2738 594 2818 Germani,
624 2761 723 2823 quam
755 2740 844 2803 nacti
876 2749 970 2804 erant
1000 2738 1168 2821 praedam,
1195 2738 1229 2801 in

182 2841 311 2907 occulto
347 2843 556 2926 relinquunt;
595 2845 657 2927 ipsi
691 2844 905 2908 Aduatucam
938 2842 1143 2907 contendunt
1180 2844 1230 2907 usi

181 2948 298 3012 eodem
320 2949 413 3023 duce,
436 2947 529 3012 cuius
550 2946 633 3014 haec
655 2948 776 3012 indicio
798 2956 1033 3030 cognoverant.

130 3069 168 3125 aa
224 3049 351 3129 Cicero,
366 3051 423 3133 qui
444 3071 561 3116 omnes
583 3052 768 3136 superiores
787 3053 858 3117 dies
877 3050 1060 3135 praeceptis
1080 3049 1231 3116 Caesaris
1243 3067 1307 3119 from
1316 3069 1398 3120 which

181 3176 256 3220 cum
277 3175 409 3219 summa
431 3153 598 3238 diligentia
621 3155 772 3218 milites
764 3174 797 3217 ιιι
820 3153 933 3220 castris
955 3154 1170 3219 continuisset
1190 3133 1390 3262 acirisiibbu

182 3279 222 3323 ne
237 3258 386 3324 calonem
401 3260 536 3341 quidem
557 3278 758 3341 quemquam
774 3269 872 3322 extra
887 3256 1102 3321 munitionem
1117 3255 1254 3379 egredi
1241 3279 1298 3316 men
1307 3273 1352 3317 out
1362 3275 1389 3318 ιο

181 3382 296 3444 passus
320 3373 417 3439 esset,
441 3362 583 3447 septimo
610 3362 665 3426 die
689 3361 842 3426 diffidens
868 3361 911 3425 de
936 3379 1073 3425 nurnero
1102 3359 1229 3424 dierum
1240 3330 1334 3398 ΜΨ

182 3464 356 3531 Caesarem
380 3465 481 3530 fidem
507 3476 724 3542 servaturum,
747 3465 837 3548 quod
864 3463 995 3547 longius
1018 3483 1228 3548 progressum

180 3571 346 3650 audiebat,
371 3590 479 3653 neque
505 3570 572 3636 ulla
597 3572 641 3636 de
667 3571 774 3634 reditu
805 3570 875 3634 eius
904 3566 994 3632 fama
1023 3566 1229 3644 afferebatur,

210 3777 254 3824 85.
268 3777 281 3833 5
294 3788 317 3838 5.
334 3788 427 3833 snpra.
461 3774 494 3824 iv.
508 3773 545 3831 16,
560 3777 572 3832 ς
587 3785 609 3822 a.
728 3773 897 3837 comparative
914 3771 981 3823 soree
997 3772 1053 3822 oi‘
1064 3770 1144 3832 inira,'
1160 3786 1227 3821 com·

213 3838 262 3899 5⁶.
280 3842 674 3899 rnatnnmfflbuspmuum.
727 3838 817 3902 puring
840 3839 879 3898 28,
903 3841 949 3896 §1
974 3837 1069 3902 ‘paulo
1094 3836 1157 3887 infra
1178 3836 1227 3888 ele-

180 3906 246 3957 Here
262 3920 300 3955 we
317 3905 381 3954 have
397 3906 439 3956 the
456 3905 509 3956 abl.
520 3905 548 3954 oi
561 3904 675 3954 distance
725 3901 848 3967 pbautosss

179 3981 292 4035 contrary
312 3979 340 4021 to
362 3969 475 4021 Caesars
494 3969 595 4036 general
612 3970 673 4018 mle.
761 3971 811 4032 59.
827 3971 969 4027 tanturn,
972 3965 1165 4031 j'nstsomnch
1176 3967 1227 4017 and

179 4039 266 4088 Seeii
235 3987 326 4097 mm,
347 4039 408 4096 ξι
416 4033 608 4093 ιιοιιιιιιιιιιιι,’
627 4037 674 4084 &c
725 4047 789 4083 so·
802 4033 956 4085 ‘tantulum'
1001 4032 1050 4099 Cp
1078 4034 1108 4085 C
1135 4033 1171 4084 rii
1202 4047 1226 4096 ι

166 4104 273 4170 ‚Krane
294 4103 426 4153 attributes
447 4099 490 4153 the
512 4052 561 4153 abt
581 4106 609 4151 to
631 4099 674 4150 the
728 4103 785 4159 ξι.
