3234 5134
401 3269 421 3313 1
429 3285 577 3317 ,asses

401 3337 453 3400 (Ji
473 3333 557 3381 ihu?

401 3401 477 3445 ltu
485 3413 629 3449 mnus.

730 589 847 653 186
1410 598 1467 650 c,
1519 599 1713 652 mut
1759 597 2138 651 CAESARIS
2615 597 2732 665 [οι.
2761 610 2828 647 ι-

723 763 1024 828 cederet:
1102 758 1361 825 illorum
1428 780 1572 825 esse
1640 761 1955 844 praedam
2021 770 2226 844 atque
2292 759 2423 824 illis
2489 759 2828 837 reservari,

724 883 1181 948 quaecumque
1240 864 1528 929 Romani
1588 865 2043 947 reliquissent3
2115 865 2399 948 proinde
2464 863 2689 928 omnia
2754 863 2826 925 in

725 969 999 1033 victoria
1044 968 1262 1051 posita
1308 964 1809 1034 existimarent!
1901 967 2113 1032 Erant
2156 978 2225 1032 et
2268 968 2513 1032 virtute
2558 977 2629 1031 et
2677 986 2827 1031 sae-
2857 989 2884 1023 ²

724 1092 1088 1157 penumero
1126 1073 1492 1155 pugnando
1532 1092 1725 1156 pares
1768 1073 2052 1150 nostris;
2103 1070 2173 1134 hi
2218 1071 2484 1136 tametsi
2523 1072 2611 1135 ab
2655 1072 2831 1135 duce

727 1186 796 1240 et
838 1195 881 1239 a
923 1174 1187 1241 fortuna
1224 1175 1716 1256 deserebantur,
1761 1185 1988 1241 tamen
2034 1195 2304 1240 omnem
2356 1195 2545 1259 spem
2588 1173 2829 1239 salutis

730 1279 797 1343 in
844 1280 1091 1345 virtute
1142 1281 1501 1364 ponebant,
1552 1290 1621 1345 et
1670 1280 1979 1363 quotiens
2026 1299 2333 1363 quaeque
2382 1278 2617 1344 cohors
2670 1299 2830 1361 pro·

731 1393 1036 1460 currerat,
1065 1383 1152 1449 ab
1184 1406 1264 1449 ea
1305 1395 1494 1469 parte
1525 1404 1809 1469 magnus
1840 1405 2153 1449 numerus
2192 1384 2481 1449 hostium
2521 1382 2830 1447 cadebat.

731 1487 887 1571 Qua
955 1508 1026 1553 re
1084 1488 1542 1553 animadversa
1597 1487 1960 1554 Ambiorix
2019 1488 2430 1572 pronuntiari
2490 1486 2692 1565 iubet,
2754 1494 2830 1549 ut
2859 1503 2891 1552 3

732 1590 995 1677 ‘procul
1032 1591 1167 1657 tela
1203 1592 1534 1657 coniciant
1572 1612 1702 1657 neu
1739 1594 2013 1677 propius
2048 1593 2368 1657 accedant
2398 1602 2486 1670 et,
2515 1610 2718 1674 quam
2758 1590 2831 1652 in

729 1704 988 1780 partem
1060 1697 1352 1761 Romani
1435 1697 1762 1779 impetum
1846 1696 2136 1774 fecerint,
2209 1696 2452 1761 cedant
2531 1693 2832 1776 (levitate

730 1821 1065 1866 armorum
1137 1809 1206 1864 et
1278 1801 1616 1865 cotidiana
1682 1802 2163 1866 exercitatione
2225 1798 2391 1865 nihil
2456 1799 2536 1863 iis
2603 1796 2828 1862 noceri

729 1900 973 1990 posse,)
1008 1924 1228 1968 rursus
1256 1924 1329 1969 se
1357 1906 1445 1968 ad
1474 1905 1664 1987 signa
1694 1906 2084 1989 recipientes
2113 1901 2578 1986 insequantur.’

818 2007 976 2091 Quo
1027 2017 1383 2091 praecepto
1430 2010 1517 2073 ab
1571 2009 1650 2074 iis
1697 2009 2203 2093 diligentissime
2251 2009 2625 2083 observato,
2671 2024 2827 2069 cum
2856 2010 2942 2066 35

730 2112 1086 2193 quaepiam
1146 2112 1381 2177 cohors
1441 2133 1530 2176 ex
1588 2114 1748 2178 orbe
1805 2122 2182 2178 excesserat
2240 2122 2441 2195 atque
2500 2112 2829 2193 impetum

728 2215 992 2289 fecerat,
1051 2214 1277 2280 hostes
1333 2214 1747 2281 velocissime
1815 2215 2244 2302 refugiebant.
2341 2216 2612 2281 Interim
2678 2235 2827 2278 eam
2861 2244 2888 2278 2

729 2328 988 2402 partem
1051 2320 1285 2385 nudari
1344 2338 1614 2386 necesse
1670 2331 1814 2387 erat
1872 2331 1940 2385 et
1998 2318 2088 2388 ab
2148 2319 2355 2385 latere
2410 2329 2642 2404 aperto
2693 2317 2831 2382 tela

730 2423 957 2504 recipi.
1047 2422 1323 2501 Rursus,
1356 2445 1507 2490 cum
1552 2426 1621 2490 in
1660 2446 1815 2490 eum
1855 2423 2097 2504 locum,
2126 2425 2301 2490 unde
2340 2434 2531 2489 erant
2567 2422 2830 2506 egressi,
2859 2446 2891 2495 3

731 2526 969 2591 reverti
1012 2539 1385 2610 coeperant,
1424 2540 1491 2594 et
1536 2529 1623 2594 ab
1669 2530 1766 2605 iis,
1802 2529 1917 2612 qui
1961 2537 2311 2604 cesserant,
2341 2539 2411 2593 et
2454 2528 2542 2592 ab
2585 2528 2684 2606 iis,
2712 2526 2830 2608 qui

733 2631 1029 2713 proximi
1071 2642 1413 2711 steterant,
1445 2634 2161 2708 circumveniebantur3
2205 2634 2305 2696 sin
2344 2641 2568 2696 autem
2609 2630 2830 2694 locum
2858 2656 2896 2703 4

738 2749 962 2797 tenere
998 2737 1263 2813 vellent,
1299 2757 1423 2801 nec
1450 2738 1678 2801 virtuti
1709 2737 1894 2802 locus
1935 2737 2442 2820 relinquebatur,
2482 2754 2698 2817 neque
2742 2732 2831 2795 ab

738 2849 926 2901 tanta
958 2837 1385 2904 multitudine
1426 2841 1728 2905 coniecta
1766 2839 1903 2905 tela
1943 2838 2217 2904 conferti
2248 2839 2457 2903 vitare
2499 2847 2831 2920 poterant.

738 2941 998 3001 Tamen
1062 2953 1158 3005 tot
1226 2945 1664 3007 incommodis
1722 2944 2108 3021 conflictati,
2168 2942 2395 3007 multis
2450 2940 2832 3005 vulneribus
2858 2955 2890 3005 5

738 3045 1030 3125 acceptis
1094 3048 1489 3112 resistebant
1546 3057 1616 3111 et
1678 3069 1920 3131 magna
1976 3057 2167 3130 parte
2225 3047 2359 3111 diei
2416 3055 2834 3127 consumpta,

742 3169 894 3213 cum
926 3169 964 3209 a
1002 3149 1214 3229 prima
1254 3148 1399 3213 luce
1440 3151 1525 3214 ad
1568 3151 1803 3216 horam
1844 3161 2151 3216 octavam
2192 3159 2618 3234 pugnaretur,
2651 3146 2836 3224 nihil,

742 3253 918 3333 quod
974 3253 1130 3337 ipsis
1186 3264 1358 3319 esset
1412 3255 1775 3337 indignum,
1829 3254 2359 3319 committebant.
2448 3252 2626 3317 Tum
2671 3250 2835 3316 Tito
2859 3256 2895 3305 6

742 3357 1106 3433 Balara-utin,
1158 3358 1269 3441 qui
1321 3360 1655 3441 superiore
1699 3379 1879 3424 anno
1926 3359 2215 3442 primum
2266 3358 2480 3442 pilum
2529 3357 2839 3433 duxerat,

742 3569 810 3617 So
846 3573 894 3617 ἰη
934 3585 1010 3632 33,
1058 3573 1082 3629 ξ
1130 3585 1174 3629 3,
1218 3569 1306 3618 hut
1349 3569 1510 3620 below
1548 3571 1599 3619 in
1639 3574 1665 3629 5
1704 3584 1734 3632 3
1836 3569 2066 3620 MSS—⁸
2080 3575 2219 3620 erant
2246 3576 2297 3618 et
2327 3568 2509 3619 virtute
2543 3575 2594 3619 et
2630 3583 2838 3617 numero

742 3641 754 3661 ²
774 3637 1074 3697 pronuntiari
1098 3633 1266 3685 iubet!
1331 3636 1425 3700 Cp.
1445 3650 1524 3698 51,
1556 3641 1581 3695 ς
1610 3650 1654 3685 2.
1836 3636 2089 3701 pugnandi
2124 3650 2299 3700 pares:
2346 3635 2501 3684 nostri
2524 3670 2539 3684 .
2565 3669 2580 3683 .
2601 3668 2616 3681 .
2636 3635 2648 3653 ⁹
2674 3634 2837 3697 ‘Pug-

810 3705 1050 3749 illorum.
1122 3701 1273 3749 ‘Ille'
1297 3702 1347 3750 in
1377 3702 1459 3751 the
1482 3701 1585 3752 obl.
1611 3709 1737 3751 orat.
1836 3699 2036 3758 nando,'
2093 3718 2149 3751 as
2201 3715 2234 3749 o
2271 3700 2425 3765 posed
2478 3709 2534 3750 to
2584 3700 2836 3756 ‘virtutess

742 3769 1022 3813 sometimes
1070 3776 1338 3829 represents
1382 3785 1447 3818 an
1485 3767 1737 3845 emphatic
1838 3775 1968 3817 must
1991 3782 2136 3816 mean
2166 3767 2243 3815 slu
2268 3766 2284 3815 1
2314 3767 2367 3815 in
2397 3766 2484 3815 the
2515 3780 2602 3813 use
2632 3764 2694 3814 of
2707 3779 2837 3813 wea-

742 3829 906 3893 *jruu*
954 3833 1002 3881 in
1046 3833 1130 3881 the
1174 3837 1342 3885 direct.
1427 3836 1522 3899 Cp.
1571 3850 1605 3884 ι.
1652 3849 1736 3897 44,
1836 3846 1980 3897 Pons·

746 3901 906 3957 5511.
948 3909 1018 3957 13-
1905 3902 1994 3947 35.
2041 3900 2144 3962 55.
2192 3900 2524 3957 conflictati,
2571 3894 2839 3959 ‘suffering

810 3965 834 4017 ξ
878 3977 918 4009 2.
954 3977 1352 4021 saepenumero
1414 3967 1742 4023 pugnando.
1841 3961 2028 4022 under,'
2054 3964 2220 4013 ‘bezet
2251 3962 2346 4027 by!
2413 3963 2598 4012 Caesar
2618 3976 2730 4011 uses
2750 3960 2838 4009 the

742 4029 854 4073 The
870 4029 1130 4093 radingia-1
1150 4029 1230 4077 the
1250 4037 1349 4079 text
1367 4030 1410 4078 is
1427 4028 1745 4080 Hoffmann’s
1842 4028 1981 4079 word
2013 4028 2151 4079 three
2183 4030 2327 4079 times
2360 4029 2410 4078 in
2437 4029 2520 4079 the
2542 4025 2677 4078 civil
2702 4026 2839 4082 War,

742 4097 1054 4149 emendati-:n
1114 4097 1186 4145 fur
1234 4096 1315 4145 the
1359 4095 1524 4148 words
1562 4096 1622 4145 of
1658 4096 1744 4145 the
1843 4095 1877 4145 i.
1902 4109 1982 4158 52,
2013 4100 2038 4154 ᾗ
2067 4107 2127 4157 3:
2162 4095 2218 4145 ii.
2243 4108 2320 4157 22,
2349 4101 2373 4155 ς
2405 4107 2463 4146 1:
2498 4093 2572 4144 iii.
2599 4093 2679 4155 28,
2705 4097 2730 4151 ᾗ
2756 4106 2802 4157 5.

439 4917 490 4929 ΙΙ

604 4912 730 4945 ἕ
