3234 5134
381 572 443 634 216
728 581 757 634 c.
784 581 881 634 rum
904 580 1094 635 cassanrs
1349 584 1405 650 [aa.
1418 595 1448 645 5-

382 754 489 820 munt,
505 743 589 820 etsi
610 743 700 826 quod
721 753 772 809 est
789 744 973 809 admissum
995 742 1172 821 facinus,ai
1192 744 1327 809 caedes
1352 742 1450 807 iacta

382 850 409 913 si
444 849 487 912 de
522 846 716 927 hereditate,
745 848 790 913 de
822 846 944 913 finibus
978 848 1203 914 controversia
1237 857 1310 921 oet,
1347 847 1451 911 iidem

214 966 340 1020 noveru
383 955 572 1029 decernunt,
594 952 743 1034 praemia
766 971 957 1037 poenasque
980 953 1208 1031 constituunt,
1240 953 1270 1016 si
1299 953 1370 1035 qui
1395 958 1475 1013 auti

213 1049 356 1151 gffipu·
383 1056 532 1141 privatus
546 1067 605 1120 aut
619 1056 764 1141 populus
779 1077 893 1122 eorum
908 1057 1045 1123 demeto
1058 1077 1125 1122 uon
1146 1055 1249 1134 stetit,
1264 1054 1453 1122 sacrificiis

383 1160 592 1225 interdicunt.
638 1160 733 1226 Haec
770 1181 880 1244 poena
917 1161 1008 1245 apud
1044 1181 1102 1225 eos
1138 1171 1190 1226 cst
1224 1161 1452 1245 gravissima

382 1263 515 1349 Quibus
545 1264 592 1328 ita
622 1274 673 1329 est
701 1264 925 1343 interdictum,
950 1264 985 1328 hi
1015 1284 1153 1329 numero
1183 1265 1381 1349 impiorum
1414 1280 1476 1326 ac:

382 1367 616 1434 sceleratorum
649 1368 824 1445 habentur,
857 1368 909 1433 his
943 1387 1061 1434 omnes
1096 1369 1272 1446 decedunt,
1308 1370 1451 1433 aditum

383 1491 636 1556 sermonemque
655 1472 838 1557 defugiunt,
853 1492 896 1537 ne
917 1473 998 1557 quid
1018 1493 1063 1537 ex
1085 1474 1285 1558 contagione
1313 1473 1452 1538 incom

383 1576 473 1640 modi
495 1577 666 1660 accipiant,
681 1597 789 1660 neque
804 1576 857 1640 his
877 1577 1068 1662 petentibus
1088 1577 1139 1641 ius
1158 1576 1311 1642 redditur
1334 1595 1453 1658 neque

213 1689 290 1741 Their
297 1687 371 1741 chief.
383 1679 488 1745 honos
503 1680 589 1746 ullus
603 1682 877 1746 communicatur.
924 1681 989 1745 His
1004 1691 1117 1745 autem
1136 1681 1291 1745 omnibus
1307 1680 1476 1745 umidi-⁸

382 1783 445 1849 bus
461 1793 591 1868 praeest
611 1805 704 1863 unus,
719 1786 776 1869 qui
798 1805 964 1850 summam
986 1785 1147 1850 intereos
1167 1785 1269 1849 habet
1287 1785 1449 1850 auctori·

382 1899 499 1960 tatem.
547 1887 624 1953 Hoc
655 1900 787 1954 mortuo
817 1901 886 1967 aut,
913 1889 940 1953 si
970 1890 1027 1972 qui
1057 1910 1102 1955 ex
1133 1889 1267 1972 reliquis
1296 1886 1475 1953 excellitr

382 1993 554 2074 dignitate,
577 1993 735 2072 succedit,
761 2002 829 2070 aut,
853 1994 880 2056 si
906 2005 984 2058 sunt
1008 1994 1119 2076 plures
1145 2013 1251 2076 pares,
1274 1990 1447 2074 suffragio

383 2097 547 2173 druidum,
586 2116 836 2179 nonnumquam
877 2098 978 2162 etiam
1019 2098 1120 2163 armis
1162 2097 1206 2162 de
1247 2096 1446 2181 principatu

214 2212 291 2264 Their
383 2201 594 2265 contendunt
634 2200 682 2264 Hi
694 2210 785 2265 certo
799 2201 876 2265 anni
888 2211 1039 2283 tempore
1054 2200 1088 2264 in
1105 2199 1225 2265 finibus
1237 2200 1444 2270 Carnutum,
1459 2224 1485 2258 ιο

214 2279 334 2409 mig.
383 2324 470 2387 quae
496 2304 588 2388 regio
612 2306 715 2370 totius
738 2304 869 2369 Galliae
893 2305 1004 2370 media
1026 2306 1177 2384 habetur,
1200 2306 1385 2370 considunt
1410 2304 1443 2366 in

384 2409 458 2473 loco
473 2418 673 2473 consecrato.
720 2408 800 2473 Huc
818 2428 935 2474 omnes
949 2410 1104 2494 undique,
1121 2409 1177 2491 qui
1194 2409 1441 2473 controversias

383 2511 517 2588 habent,
527 2513 729 2578 conveniunt
745 2533 926 2597 eorumque
937 2514 1078 2578 decretis
1094 2513 1291 2596 iudiciisque
1306 2519 1441 2595 parent
1593 2574 1594 2598 ,

214 2636 292 2686 meir
386 2615 569 2700 Disciplina
592 2616 625 2680 in
650 2616 820 2682 Britannia
844 2628 974 2701 reperta
999 2628 1100 2700 atque
1127 2617 1204 2681 inde
1228 2617 1262 2680 in
1290 2615 1440 2680 Galliam
1455 2628 1478 2665 ¹¹
1593 2603 1594 2648 Ὗ

214 2699 371 2818 ffiffinfm
384 2721 544 2784 translata
566 2740 637 2785 erse
659 2721 880 2801 existimatur,
898 2730 932 2785 et
954 2739 1051 2801 nunc,
1065 2720 1123 2804 qui
1145 2720 1337 2803 diligentius
1361 2738 1440 2785 eam
1455 2737 1479 2770 υ

385 2840 454 2884 rem
483 2842 682 2906 cognoscere
707 2824 833 2905 volunt,
858 2824 1055 2908 plerumque
1081 2824 1139 2889 illo
1165 2824 1311 2889 discendi
1335 2842 1439 2889 causa

384 2923 646 3008 proficiscuntur.

215 3048 293 3099 lucit
429 3028 573 3093 Druides
589 3049 610 3093 a
628 3030 716 3094 bello
736 3032 854 3096 abesse
874 3044 1074 3097 consuerunt
1093 3051 1200 3115 neque
1220 3031 1346 3097 tributa
1368 3038 1483 3096 una14

215 3114 354 3181 privileges
385 3153 461 3199 cum
478 3132 611 3216 reliquis
625 3135 786 3218 pendunt,
803 3131 958 3223 [militiae
973 3132 1198 3225 vacationem]
1217 3135 1436 3220 omniumque

216 3254 353 3331 'thurcis
386 3259 494 3303 rerum
522 3236 645 3303 habent
671 3238 926 3304 immunitatem.
970 3241 1090 3305 Tantis
1116 3240 1253 3305 excitati
1279 3242 1463 3322 praemiis2

216 3320 301 3385 ‘¹9¹⁰‘
387 3352 421 3408 et
436 3363 497 3408 sua
512 3353 630 3426 sponte
642 3343 738 3407 multi
751 3343 785 3405 in
801 3342 1007 3428 disciplinam
1023 3346 1222 3409 conveniunt
1233 3355 1267 3410 et
1283 3366 1304 3409 a
1318 3364 1436 3428 paren·

386 3448 475 3513 tibus
497 3447 756 3530 propinquisque
777 3446 962 3512 mittuntur.
1007 3447 1173 3530 Magnum
1194 3448 1239 3513 ibi
1260 3465 1463 3513 numerumn

387 3571 540 3617 versuum
551 3551 694 3616 ediscere
703 3552 865 3617 dicuntur.
902 3550 1436 3633 ltaqueannosnonnullivicenos

218 3663 297 3740 Theu
389 3656 422 3718 in
452 3654 626 3738 disciplina
657 3667 862 3740 permanent.
908 3656 1026 3739 Neque
1056 3655 1105 3721 sas
1138 3675 1210 3720 esse
1243 3655 1436 3720 existimant

219 3728 339 3794 “m‘'
388 3777 427 3821 ea
450 3759 566 3824 litteris
589 3762 755 3840 mandare,
771 3781 847 3825 cum
870 3761 903 3824 in
927 3759 1059 3842 reliquis
1082 3757 1149 3824 fere
1172 3759 1278 3840 rebus,
1293 3758 1436 3843 publicis

387 3861 590 3945 privatisque
606 3863 796 3943 rationibus,
814 3863 950 3929 Graecis
970 3865 1088 3932 litteris
1106 3874 1249 3929 utantur.
1296 3864 1334 3928 Id
1355 3864 1464 3931 mihi4

422 4010 472 4072 5⁶.
489 4017 583 4072 unni.
609 4015 742 4081 i.48‚to.
935 4016 1436 4084 tivebeoauseeachpnpllspendstwenty

420 4081 525 4140 1443.
542 4083 665 4131 noanon.
699 4082 755 4132 The
769 4083 885 4134 distribn·
935 4098 1013 4147 years.
