3234 5134
196 657 241 704 en
259 652 284 719 1]
434 651 488 702 nn
510 650 633 703 narro
659 650 827 703 aarum.
879 650 950 702 arn.
980 652 1006 701 ν
1190 655 1246 717 191

129 826 178 881 43
242 812 395 898 Septimo
429 814 689 897 oppugnationis
719 814 774 879 die
805 814 957 878 maximo
994 824 1108 879 coorto
1145 821 1246 878 vento
1259 824 1399 890 Theomp

196 918 360 983 ferventes
385 917 472 981 fusili
498 939 543 982 ex
568 918 685 1001 argilla
710 918 850 1000 glandes
874 918 983 982 tundis
1005 928 1040 983 et
1066 917 1245 983 fervefacta
1259 890 1384 1008 Effe&

198 1021 305 1085 iacula
334 1021 368 1084 in
398 1041 499 1099 casas,
529 1040 615 1104 quae
644 1041 737 1085 more
767 1021 897 1086 Gallico
926 1022 1115 1086 stramentis
1152 1031 1246 1086 erant

170 1134 315 1199 atectae,
345 1125 452 1189 iacere
482 1133 672 1207 coeperunt.
719 1124 796 1189 Hae
829 1124 978 1190 celeriter
1006 1126 1117 1208 ignem
1154 1146 1246 1191 com·

198 1229 444 1313 prehenderunt
468 1239 502 1293 et
526 1228 615 1292 venti
645 1228 875 1312 magnitudine
906 1228 939 1291 in
969 1249 1105 1293 omnem
1134 1229 1246 1294 locum

170 1344 381 1399 acastrorum
403 1330 611 1396 distulerunt.
659 1331 785 1395 Hostes
812 1331 961 1395 maximo
985 1330 1128 1397 clamore
1150 1333 1246 1398 sicuti

197 1445 293 1519 parta
311 1437 377 1500 iam
396 1446 499 1519 atque
520 1436 696 1520 explorata
715 1436 853 1501 victoria
872 1446 979 1501 turres
999 1437 1247 1521 testudinesque

167 1561 296 1623 4agere
318 1550 352 1605 et
375 1540 470 1606 scalis
491 1540 616 1604 vallum
638 1540 818 1605 ascendere
843 1549 1032 1624 coeperunt.
1076 1541 1127 1605 At
1153 1551 1247 1605 tanta

56 1635 59 1642 ’
198 1644 341 1709 militum
362 1645 467 1708 virtus
488 1653 592 1727 atque
613 1664 653 1707 ea
675 1644 862 1727 praesentia
884 1644 987 1708 animi
1009 1644 1080 1720 luit,
1103 1655 1148 1722 ut,
1171 1664 1247 1708 cum

198 1740 343 1832 undique
363 1747 499 1812 flamma
518 1757 721 1813 torrerentur
741 1749 958 1831 maximaque
979 1746 1121 1812 telorum
1137 1748 1247 1813 multi·

197 1853 312 1917 tudine
338 1862 565 1936 premerentur
590 1872 717 1935 suaque
746 1852 860 1916 omnia
882 1852 1124 1934 impedimenta
1148 1861 1248 1934 atque

198 1976 313 2022 omnes
349 1955 497 2020 fortunas
534 1955 738 2041 conflagrare
773 1954 1010 2041 intellegerent,
1043 1976 1109 2019 non
1145 1956 1248 2020 modo

198 2059 405 2144 demigrandi
428 2080 529 2126 causa
555 2061 597 2126 de
617 2059 707 2124 vallo
733 2061 909 2125 decederet
929 2081 1038 2136 nemo,
1060 2060 1118 2125 sed
1141 2080 1248 2143 paene

199 2185 241 2228 ne
256 2164 433 2246 respiceret
447 2163 583 2247 quidem
603 2164 791 2247 quisquam,
807 2184 847 2228 ac
862 2173 932 2229 tum
955 2184 1071 2229 omnes
1088 2164 1248 2228 acerrime

170 2286 186 2336 5
199 2266 441 2350 fortissimeque
456 2277 651 2351 pugnarent.
699 2267 765 2331 Hic
785 2267 857 2332 dies
871 2267 992 2333 nostris
1007 2268 1107 2351 longe
1122 2269 1247 2351 gravis·

197 2372 301 2436 simus
323 2371 408 2449 luit,
429 2372 488 2436 sed
511 2381 622 2437 tamen
646 2371 734 2436 hunc
756 2371 873 2436 habuit
893 2383 1060 2451 eventum,
1076 2382 1113 2437 ut
1133 2393 1173 2437 eo
1192 2372 1248 2437 die

198 2475 368 2538 maximus
392 2495 548 2539 numerus
574 2474 720 2539 hostium
745 2475 972 2539 vulneraretur
998 2485 1100 2558 atque
1122 2474 1246 2540 interfi-

198 2589 334 2655 ceretur,
350 2589 387 2642 ut
401 2599 438 2642 se
452 2580 515 2642 sub
530 2578 604 2660 ipso
618 2577 707 2642 vallo
726 2579 995 2661 constipaverant
1017 2599 1247 2663 recessumque

169 2680 315 2764 oprimis
341 2679 447 2745 ultimi
469 2701 537 2746 non
560 2682 696 2746 dabant.
742 2681 882 2745 Paulum
905 2682 1040 2763 quidem
1061 2682 1249 2748 intermissa

199 2784 335 2848 flamma
364 2795 398 2848 et
428 2787 575 2868 quodam
606 2785 680 2849 loco
712 2786 794 2848 turri
824 2786 943 2850 adacta
973 2795 1007 2850 et
1034 2786 1248 2870 contingente

198 2888 323 2953 vallum
345 2889 463 2954 tertiae
484 2887 631 2953 cohortis
653 2890 863 2954 centuriones
886 2909 931 2952 ex
953 2910 1002 2967 eo,
1016 2909 1084 2973 quo
1106 2892 1249 2968 stabant,

200 2994 273 3058 loco
292 3001 496 3059 recesserunt
517 3013 661 3075 suosque
682 3012 799 3057 omnes
821 3003 1042 3075 removerunt,
1057 3005 1139 3060 nutu
1157 2995 1249 3059 voci·

199 3097 328 3180 busque
356 3098 481 3175 hostes,
510 3097 538 3161 si
566 3096 702 3161 introire
730 3097 863 3176 vellent,
891 3117 1011 3162 vocare
1047 3110 1249 3182 coeperunt;

170 3222 340 3286 7quorum
356 3201 509 3286 progredi
524 3222 624 3266 ausus
640 3213 692 3266 est
711 3222 822 3266 nemo.
868 3200 957 3265 Tum
980 3223 1025 3266 ex
1041 3204 1134 3266 omni
1155 3212 1250 3286 parte

198 3307 366 3390 lapidibus
381 3306 540 3371 coniectis
555 3306 729 3384 deturbati,
745 3306 910 3389 turrisque
924 3327 1082 3372 succensa
1102 3318 1160 3371 est.

135 3433 182 3487 44
244 3411 350 3476 Erant
374 3411 408 3473 in
430 3431 469 3473 ea
495 3411 626 3493 legione
652 3409 823 3475 fortissimi
851 3411 923 3487 viri,
949 3411 1167 3485 centuriones,
1191 3410 1248 3493 qui
1262 3426 1404 3506 Rinhyor

199 3515 314 3600 primia
328 3514 498 3578 ordinibus
512 3515 829 3598 appropinquarent,
844 3513 943 3578 Titus
961 3513 1057 3577 Pulio
1072 3522 1106 3577 et
1125 3514 1249 3580 Lucius
1261 3493 1393 3612 {uoffld

231 3679 276 3726 4³.
290 3680 303 3735 ς
318 3688 339 3724 1.
356 3677 525 3724 atramentis.
557 3673 659 3739 Always
672 3675 698 3724 in
748 3689 827 3738 army,
846 3690 887 3740 ep.
904 3672 937 3722 ri.
955 3687 997 3737 40,
1019 3676 1076 3739 ἦγε
1102 3673 1132 3723 C.
1151 3674 1189 3725 iii
1208 3688 1248 3740 53,

198 3740 436 3806 thephlnCaesar.
472 3740 520 3804 Cp.
531 3740 573 3789 vti.
584 3742 653 3804 45,§
669 3753 698 3788 a:
750 3743 801 3805 55.

198 3807 479 3870 vuarmati-
783 3803 1248 3872 urrunnuo.1nc.1u.r7,r5

234 3878 284 3936 54.
298 3874 458 3930 praesentia
469 3872 564 3919 nnlml
587 3868 697 3934 CpCic.
748 3885 787 3919 we
802 3868 854 3918 find
866 3868 919 3918 him
933 3868 1074 3935 displaying
1089 3869 1129 3920 his
1144 3887 1250 3937 contage

199 3938 257 3989 Mil.
269 3942 282 3997 5
296 3951 327 4003 ²9
339 3934 699 4001 ‘quianimofideliindomh
749 3934 850 4001 against
871 3934 963 3984 Caesar
984 3937 1047 3987 after
1068 3935 1100 3986 he
1121 3937 1170 3987 had
1189 3939 1249 3988 been

197 4020 258 4054 num
269 4012 294 4053 et
305 4002 427 4069 praesenti
437 3999 550 4052 ruerunt*
748 3999 921 4050 instrumentnl
936 4000 962 4050 in
979 4003 1106 4068 betrnying
1122 4003 1164 4054 the
1179 4019 1249 4068 army

230 4074 277 4119 44.
291 4074 304 4129 ς
318 4083 340 4119 1.
358 4070 626 4126 appropinquarent.
656 4065 699 4116 On
748 4066 778 4117 oi
785 4066 816 4117 C.
827 4066 958 4118 Antonius.

198 4136 342 4200 promotion
358 4135 392 4199 by
408 4134 480 4183 merit
497 4133 522 4183 in
539 4133 582 4184 the
598 4132 697 4183 Romen
