3234 5134
241 569 286 616 Μ.
300 562 328 629 a]
467 563 520 614 DE
543 563 665 617 BELLO
690 563 858 617 GALLICO.
910 562 983 614 LIB.
1007 563 1051 613 IV
1235 569 1293 632 143

213 754 226 791 η
241 728 335 810 sequi
350 726 454 791 iussit.
498 726 533 790 A
548 728 759 811 quibuscum
773 728 874 812 paulo
889 729 1016 794 tardius
1033 739 1121 794 esset
1135 729 1290 795 adminis-

241 841 379 909 tratum,
394 831 466 914 ipse
479 830 561 898 hora
576 832 705 896 circiter
719 833 785 897 diei
801 842 920 914 quarta
930 852 1007 896 cum
1022 834 1136 916 primis
1151 833 1291 899 navibus

242 935 449 999 Britanniam
460 934 572 1016 attigit
580 945 682 1017 atque
695 934 741 1000 ibi
754 936 787 998 in
799 936 955 1001 omnibus
966 936 1106 1002 collibus
1119 937 1291 1022 expositas

213 1038 388 1117 3b0stium
402 1038 517 1122 copias
531 1049 677 1103 armatas
691 1039 878 1121 conspexit.
925 1038 1028 1105 Cuius
1043 1040 1105 1105 loci
1121 1041 1203 1106 haec
1220 1049 1291 1105 erat

243 1152 369 1220 natura,
392 1150 493 1224 atque
514 1141 562 1206 ita
585 1142 754 1208 montibus
776 1152 918 1226 anguste
940 1163 1032 1208 mare
1054 1144 1291 1223 continebatur,

245 1247 293 1310 uti
319 1267 363 1309 ex
389 1246 471 1310 locis
499 1246 724 1330 superioribus
753 1246 787 1309 in
818 1246 895 1311 litus
921 1246 1024 1311 telum
1050 1249 1141 1332 adigi
1167 1257 1291 1333 posset.

214 1350 347 1417 4Hunc
380 1351 424 1415 ad
462 1350 700 1433 egrediendum
739 1369 948 1433 nequaquam
987 1352 1145 1416 idoneum
1181 1352 1291 1418 locum

244 1454 431 1532 arbitratus,
447 1456 527 1519 dum
543 1453 689 1537 reliquae
704 1474 805 1519 naves
824 1473 864 1518 eo
879 1456 1100 1535 convenirent,
1115 1455 1157 1521 ad
1176 1455 1291 1521 horam

217 1574 367 1623 snonam
383 1559 416 1621 in
431 1558 559 1622 ancoris
575 1557 792 1642 exspectavit.
840 1558 976 1623 interim
998 1558 1117 1641 legatis
1137 1561 1291 1625 tribunis·
1304 1574 1409 1623 Instruc-

245 1682 311 1745 que
326 1660 468 1726 militurn
489 1662 678 1726 convocatis
699 1672 734 1728 et
754 1682 840 1744 quae
858 1682 902 1725 ex
916 1661 1089 1728 Voluseno
1108 1674 1293 1746 cognosset,
1305 1640 1409 1754 ἓξὲξ
1420 1638 1462 1688 ¹¹¹⁶

246 1776 281 1831 et
302 1786 387 1849 quae
410 1764 478 1851 fieri
500 1766 611 1843 vellet,
626 1765 774 1831 ostendit
797 1767 1001 1849 monuitque,
1017 1776 1054 1831 ut
1076 1766 1122 1831 rei
1146 1767 1294 1831 militaris

246 1871 343 1950 ratio,
368 1870 517 1935 maxime
543 1882 580 1935 ut
607 1870 795 1935 maritimae
822 1890 873 1934 res
899 1871 1116 1953 postularent,
1142 1879 1179 1935 ut
1208 1890 1295 1953 quae

245 1976 388 2040 celerem
412 1984 514 2057 atque
538 1973 726 2038 instabilem
755 1983 883 2038 motum
909 1973 1079 2051 haberent,
1103 1976 1147 2040 ad
1176 1985 1294 2040 nutum

215 2089 281 2145 oet
302 2079 345 2144 ad
368 2090 502 2159 tempus
523 2096 640 2141 omnes
662 2098 715 2143 res
738 2080 782 2142 ab
806 2078 846 2143 iis
869 2078 1186 2145 administrarentur.
1232 2078 1295 2143 His
1310 2086 1457 2147 ,standing-

246 2183 390 2249 dimissis
424 2192 458 2246 et
489 2193 627 2246 ventum
661 2189 696 2244 et
728 2193 858 2248 aestum
892 2203 958 2247 uuo
995 2192 1147 2266 tempore
1180 2193 1295 2247 nactus
1309 2152 1392 2267 {2¹23}

246 2289 428 2353 secundum
456 2288 536 2352 dato
563 2286 659 2370 signo
682 2295 716 2350 et
738 2285 876 2349 sublatis
899 2288 1028 2350 ancoris
1049 2286 1178 2351 circiter
1205 2286 1295 2350 milia

247 2410 404 2475 passuum
422 2398 552 2473 septem
574 2389 617 2452 ab
638 2409 680 2454 eo
699 2388 774 2454 loco
794 2408 987 2471 progressus
1006 2399 1122 2473 aperto
1141 2409 1180 2453 ac
1196 2390 1296 2473 plano

154 2524 158 2531 ¹
248 2494 344 2558 litore
359 2513 459 2557 naves
476 2493 657 2557 constituit

191 2608 237 2662 24
292 2596 342 2661 At
368 2596 508 2669 barbari,
531 2596 670 2660 consilio
693 2596 923 2660 Romanorum
947 2597 1092 2681 cognito,
1115 2596 1297 2680 praemisso
1312 2601 1461 2651 Difficulries

249 2700 398 2783 equitatu
416 2710 451 2763 et
471 2699 652 2773 essedariis,
667 2718 735 2781 quo
754 2697 950 2781 plerumque
969 2720 1089 2782 genere
1109 2701 1142 2766 in
1163 2702 1298 2784 proeliis
1310 2667 1339 2717 or
1347 2666 1457 2730 unaing,

250 2805 298 2869 uti
318 2811 528 2878 consuerunt,
545 2802 679 2884 reliquis
699 2803 802 2886 copiis
822 2803 987 2867 subsecuti
1008 2814 1139 2870 nostros
1158 2807 1297 2872 navibus

223 2908 362 2991 regredi
387 2906 619 2989 prohibebant.
665 2907 748 2971 Erat
769 2908 815 2972 ob
837 2908 898 2971 has
919 2927 1037 2974 causas
1060 2930 1191 2975 summa
1213 2912 1297 2977 diffi-

249 3013 363 3086 cultas,
389 3012 480 3094 quod
507 3030 607 3075 naves
633 3019 768 3095 propter
793 3011 1054 3095 magnitudinem
1081 3015 1142 3078 nisi
1169 3015 1203 3078 in
1227 3014 1298 3079 alto

249 3116 406 3183 constitui
435 3135 503 3181 non
533 3124 696 3198 poterant,
724 3115 881 3181 militibus
911 3126 1023 3181 autern
1053 3118 1177 3201 ignotis
1206 3117 1299 3192 locis,

251 3221 418 3306 impeditis
451 3219 612 3295 manibus,
645 3239 768 3302 magno
800 3230 835 3284 et
871 3222 963 3304 gravi
996 3240 1099 3285 onere
1132 3241 1298 3285 armorum

251 3325 417 3409 oppressis
432 3322 531 3389 simul
546 3332 580 3387 et
595 3324 639 3388 de
657 3324 795 3389 navibus
811 3322 1031 3388 desiliendum
1047 3333 1081 3388 et
1097 3324 1130 3387 in
1149 3323 1300 3391 fluctibus

286 3485 538 3542 5aoumpr1m1s
555 3486 683 3534 novibus.
716 3482 752 3534 So
798 3481 1029 3547 Art.iv.16,57).

252 3547 754 3613 inTaeitus(Agr.24)wefindAg1icola
832 3551 878 3597 24.
901 3552 914 3608 5
936 3561 958 3599 1.
982 3550 1080 3606 egredi
1101 3551 1300 3604 prohibebant.

253 3615 367 3682 goingin
382 3614 491 3664 advunce
506 3613 536 3664 oi
548 3613 663 3675 hustet,
676 3618 754 3665 ‘nave
799 3613 849 3690 Cp.
870 3613 897 3664 ii.
923 3629 948 3676 4,
971 3617 985 3672 5
1011 3628 1023 3662 π
1048 3612 1159 3678 ‘ingredi
1184 3615 1300 3692 prohibu·

253 3683 335 3749 prima
345 3677 525 3745 transgressus’
693 3739 695 3743 ι
799 3677 892 3729 erint':
916 3694 940 3728 v.
961 3694 986 3744 9,
1010 3683 1023 3739 5
1047 3676 1193 3743 6‘ingred1
1216 3682 1300 3747 prohi-

289 3749 302 3806 5
328 3761 350 3810 3.
372 3752 500 3805 manete,
522 3744 594 3795 MSS.
614 3741 753 3808 ‘nmina'
800 3742 922 3794 bebant':
940 3742 1300 3813 iv.16,56‘iacere...pro-

254 3813 310 3863 The
321 3813 387 3863 ieme
399 3811 428 3860 ol
438 3811 480 3860 the
491 3809 556 3860 clitis
568 3811 597 3860 oi
607 3810 693 3860 Dover
704 3808 754 3859 had
800 3808 952 3860 biberetur’:
972 3811 1015 3861 vii.
1033 3812 1073 3873 38,
1090 3814 1103 3870 5
1121 3826 1136 3876 3
1152 3813 1302 3877 ‘prohibeor

254 3878 360 3930 reached
371 3875 683 3941 CioeroinJuly,54n.c.
704 3875 756 3924 For
802 3911 809 3925 .
833 3913 840 3925 .
865 3912 872 3927 .
897 3874 1082 3941 pronuntiare‘:
1112 3877 1153 3928 Af.
1177 3880 1218 3966 85,
1245 3884 1258 3940 5
1288 3895 1300 3928 a

256 3946 281 3994 in
294 3945 392 3994 uletter
402 3949 430 3992 to
441 3943 539 3991 Atticus
550 3940 580 3991 oi
590 3940 645 3990 that
655 3941 714 3990 dete
723 3939 756 3989 he
802 3948 809 3969 ⁶
835 3940 936 3991 robibiti
955 3951 1046 3992 terram
1064 3943 1186 4009 attingere
1208 3962 1215 3997 :
1239 3945 1302 3996 Sall.

257 4026 314 4074 says
335 4005 756 4138 'qqlntqqtmieqrri'qrrdsqqigqsbuisqsffi
801 3956 902 4138 {Eteri}
914 4007 1070 4075 ‘prohibitus
1082 4011 1301 4063 eratcousulutum

257 4090 311 4126 esse
327 4090 352 4124 m
886 4111 893 4124 .
