3234 5134
413 650 544 718 4.1]
869 651 976 702 DE
1019 649 1266 702 Βειιο
1316 648 1651 702 Gaudeo,
1754 649 1893 701 ιιΒ.
1944 649 2031 700 ιν
2399 656 2517 717 129

358 837 391 885 4
415 813 500 876 ad
552 832 724 897 quos
767 831 844 877 se
901 813 1221 887 celeriter,
1275 832 1430 878 cum
1484 833 1644 878 usus
1704 822 1827 894 est,
1873 811 2243 895 recipiunt;
2301 832 2516 896 neque

414 936 644 982 eorum
692 917 983 982 moribus
1034 918 1295 1003 turpius
1338 917 1694 1001 quicquam
1738 926 1858 981 aut
1902 916 2173 982 inertius
2218 915 2519 994 habetur,

356 1044 386 1093 5
414 1041 612 1104 quam
640 1021 975 1106 ephippiis
1007 1022 1125 1086 uti.
1193 1021 1430 1105 Itaque
1461 1023 1546 1087 ad
1578 1021 1883 1105 quemvis
1910 1041 2254 1086 numerum
2281 1021 2515 1104 ephip-

356 1139 388 1190 6
415 1125 747 1207 piaton-um
779 1125 1080 1208 equitum
1112 1125 1416 1208 quamvis
1454 1125 1651 1208 pauci
1691 1125 1877 1190 adire
1906 1125 2176 1190 audent.
2263 1124 2514 1191 Vinum

414 1231 499 1293 ad
565 1249 639 1293 se
686 1229 962 1294 omnino
1025 1229 1368 1314 importari
1426 1249 1563 1294 non
1624 1228 1873 1307 sinunt,
1927 1229 2109 1312 quod
2160 1249 2239 1294 ea
2300 1249 2372 1293 re
2430 1231 2514 1295 ad

415 1331 708 1398 laborem
740 1332 1084 1398 serendum
1118 1331 1577 1400 remollescere
1595 1331 1901 1399 homines
1923 1343 2125 1416 atque
2147 1332 2513 1399 effeminari

413 1436 837 1502 arbitrantur.
2172 1488 2177 1493 .

350 1559 390 1612 8
505 1540 773 1605 Publice
809 1541 1176 1605 maximam
1208 1550 1450 1623 putant
1474 1560 1621 1605 esse
1650 1540 1936 1619 laudem,
1957 1560 2160 1623 quam
2195 1541 2517 1608 latissime

415 1666 456 1709 a
483 1645 620 1709 suis
664 1644 907 1710 finibus
946 1664 1180 1710 vacare
1224 1664 1461 1729 agros;
1506 1644 1631 1708 hac
1678 1664 1749 1709 re
1792 1644 2150 1728 significari
2199 1665 2515 1730 magnum

418 1769 762 1816 numerum
833 1749 1180 1814 civitatum
1254 1769 1445 1814 suam
1511 1748 1662 1812 vim·
1724 1749 2049 1814 sustinere
2106 1770 2242 1814 non
2302 1769 2517 1832 posse.

361 1872 386 1907 ²
418 1854 653 1937 Itaque
714 1873 848 1919 una
892 1874 982 1918 ex
1031 1863 1223 1936 parte
1267 1873 1310 1917 a
1366 1851 1606 1918 Suebis
1651 1852 1911 1918 circiter
1965 1851 2149 1917 milia
2199 1873 2517 1937 passuum

359 1978 388 2026 3
413 1968 714 2025 sescenta
771 1957 915 2041 agri
979 1976 1220 2023 vacare
1292 1956 1623 2023 dicuntur.
1710 1956 1830 2021 Ad
1904 1956 2179 2021 alteram
2256 1967 2517 2039 partem

414 2063 772 2126 succedunt
809 2061 997 2140 Ubii,
1027 2081 1312 2144 quorum
1342 2060 1468 2125 suit
1497 2061 1732 2127 civitas
1761 2060 1987 2144 ampla
2030 2072 2233 2144 atque
2260 2060 2517 2140 florenS,

415 2174 488 2229 ut
520 2174 621 2230 est
651 2175 886 2250 captus
917 2164 1420 2243 Germanorum,
1452 2175 1521 2230 et
1556 2162 1776 2248 paule,
1800 2186 2002 2249 quam
2033 2175 2189 2230 sunt
2219 2165 2516 2230 eiusdem

412 2270 690 2355 generiS,
720 2265 823 2358 [et
852 2263 1086 2356 ceteri]
1118 2270 1565 2346 humaniores,
1595 2278 1948 2354 propterea
1993 2270 2174 2352 quod
2208 2269 2515 2335 Rhenum

415 2374 754 2458 attingunt
816 2372 1233 2457 multumque
1279 2375 1367 2439 ad
1427 2394 1542 2439 eos
1589 2385 1991 2440 mercatores
2043 2373 2396 2454 ventitant,
2448 2382 2517 2442 et

415 2478 545 2559 ipsi
576 2487 847 2560 propter
875 2477 1441 2562 propinquitatem
1476 2475 1751 2542 Gallicis
1779 2487 1934 2542 sunt
1966 2478 2262 2541 moribus
2291 2498 2514 2542 assue-

360 2580 593 2651 4facti.
707 2580 857 2644 Hos
917 2601 1068 2647 cum
1145 2578 1349 2646 Suebi
1427 2579 1655 2644 multis
1720 2601 1920 2663 saepe
1994 2579 2184 2644 bellis
2256 2581 2516 2663 experti

416 2693 691 2767 propter
747 2684 1259 2768 amplitudinem
1319 2684 1853 2768 gravitatemque
1924 2683 2216 2749 civitatis
2275 2683 2517 2749 finibus

416 2787 749 2871 expellere
792 2809 924 2852 non
968 2789 1357 2872 potuissent,
1388 2796 1613 2852 tamen
1656 2786 2011 2870 vectigales
2055 2788 2179 2853 sibi
2225 2787 2516 2852 fecerunt

416 2912 494 2956 ac
525 2892 737 2957 multo
767 2891 1153 2958 humiliores
1183 2891 1711 2974 infirmioresque
1743 2892 2163 2975 redegerunt.

345 3006 391 3059 4
504 2997 584 3061 In
629 2997 867 3061 eadem
911 3015 1111 3060 causa
1168 2994 1432 3060 fuerunt
1487 2994 1805 3079 Usipetes
1855 3009 1924 3060 et
1970 2995 2303 3074 Tencteri,
2347 3017 2517 3080 quos

414 3121 613 3184 supra
671 3100 986 3174 diximuS,
1050 3099 1167 3182 qui
1226 3098 1602 3181 complures
1662 3118 1872 3164 annos
1939 3097 2319 3164 Sueborum
2379 3100 2514 3164 vim

416 3311 554 3345 sense
576 3296 628 3344 in
651 3296 708 3346 C.
733 3296 782 3345 ii.
812 3308 854 3357 7,
876 3300 902 3357 5
934 3309 980 3359 3,
1001 3293 1163 3346 where
1184 3295 1224 3345 it
1245 3310 1416 3345 means
1652 3291 1824 3343 πότνια
1855 3292 2027 3356 μῆτερ,

417 3365 432 3389 ⁶
450 3368 502 3410 at
525 3361 608 3410 the
629 3376 766 3410 same
788 3358 1041 3411 moment)
1583 3359 1669 3421 Μή
1698 3358 1748 3421 μ’
1769 3359 2085 3423 ἀπογυιώσῃς,
2110 3358 2279 3420 μένεος
2302 3360 2345 3408 δ’
2365 3359 2519 3421 ἀλκῆς

487 3432 513 3486 5
539 3442 586 3488 4.
634 3429 937 3489 ephippflu,
982 3425 1156 3476 ‘housi
1249 3424 1280 3488 ,⁸
1319 3425 1356 3476 i.
1369 3440 1414 3475 e.
1649 3441 1708 3473 τε
1740 3424 1972 3484 λάθωμαι.

419 3491 580 3541 cloths
613 3490 804 3541 thrown
837 3508 954 3542 over
982 3492 1067 3541 the
1259 3489 1316 3541 os
1332 3491 1416 3541 the
1518 3490 1610 3541 See
1633 3490 1821 3540 Introd.
1841 3506 1893 3555 p.
1920 3489 2029 3541 166.

415 3556 604 3606 animal
624 3556 752 3605 after
767 3557 851 3607 the
868 3556 1182 3606 mnnnerofa
1198 3555 1416 3606 Turkish
1584 3561 1639 3606 8.
1666 3559 1693 3615 ς
1713 3570 1760 3619 3.
1798 3556 1882 3620 [et
1903 3555 2121 3620 ceteri}
2192 3554 2305 3606 The
2338 3559 2442 3606 text
2474 3557 2518 3607 is

417 3623 603 3672 saddle.
684 3622 792 3672 Cic.
839 3622 941 3686 (De
986 3623 1027 3671 F
1029 3622 1097 3671 in.
1141 3622 1212 3672 iii.
1260 3626 1287 3682 ς
1329 3625 1414 3685 15)
1518 3622 1635 3672 here
1703 3628 1924 3686 corrupt.
2005 3620 2280 3671 Hoffmann
2348 3623 2516 3672 would

417 3703 557 3753 gives
580 3687 682 3736 this
703 3703 758 3737 as
777 3703 841 3737 an
864 3689 1085 3737 instance
1121 3689 1179 3737 os
1194 3704 1226 3736 a
1248 3687 1416 3738 Greek
1519 3687 1647 3737 omit
1662 3687 1747 3737 the
1764 3687 1930 3736 words
1948 3687 1999 3736 in
2018 3687 2261 3748 brackets,
2278 3687 2377 3736 and
2401 3689 2517 3738 take

418 3753 556 3804 word
579 3752 741 3803 which
764 3752 866 3802 had
888 3753 1091 3803 become
1110 3752 1417 3803 naturalised
1520 3755 1534 3780 ⁸
1550 3760 1610 3830 et·
1623 3753 1777 3838 paulo
1796 3749 1810 3774 '
1843 3767 1899 3801 as
1939 3753 2248 3804 co-ordinate
2285 3753 2406 3803 with
2439 3759 2453 3782 ⁸
2466 3763 2517 3804 et

417 3835 470 3869 m
487 3819 992 3944 &mnenonere
1005 3887 1281 3960 hominen.
1320 3883 1417 3949 Cp.
1517 3819 1686 3946 ῘΡἜᾎ.
1720 3886 2076 3942 redegerunt.
2143 3881 2197 3933 ii.
2224 3894 2303 3946 27,
2330 3886 2356 3943 5
2382 3898 2426 3947 5.

419 3951 470 4000 ii.
499 3964 578 4014 15,
616 3955 715 4012 §4-
796 3949 907 3999 'I'he
944 3955 1141 4027 ancient
1177 3949 1417 4000 Germana
1584 3953 1640 4000 4.
1668 3953 1695 4009 ς
1724 3962 1768 3999 1.
1816 3951 1890 3997 In
1924 3952 2119 3998 eadem
2158 3963 2341 4000 cauea.
2422 3950 2514 4000 ‘In

416 4032 544 4067 were
569 4016 626 4065 of
643 4016 728 4065 the
750 4030 888 4065 same
911 4015 1117 4080 opinion
1134 4031 1191 4065 as
1208 4016 1414 4065 Hector.
1519 4013 1605 4065 the
1643 4029 1779 4064 same
1816 4011 1965 4064 ease!
2030 4014 2126 4064 We
2160 4030 2242 4065 see
2278 4015 2393 4065 here
2430 4016 2516 4066 the

416 4080 479 4131 11.
503 4082 564 4130 vi.
595 4080 706 4145 264,
731 4096 828 4147 5-
1519 4080 1788 4146 beginning
1809 4081 1865 4130 of
1888 4079 1975 4130 the
2002 4094 2170 4157 usage,
2192 4081 2356 4131 which
2379 4081 2517 4146 gives

482 4146 565 4208 Μή
619 4165 699 4207 μοι
756 4143 890 4196 οἶνον
944 4143 1074 4210 ἄειρε
1128 4144 1416 4212 μελίφρονα,
1520 4161 1580 4197 us
1600 4154 1614 4175 ⁶
1634 4146 1783 4198 chose
1798 4146 1895 4188 ’-‘
1914 4144 2085 4212 thing’
2109 4161 2159 4196 m
2180 4146 2386 4197 French.

2545 1967 2657 2019 The
2679 1968 2798 2020 Ubii

2544 2034 2755 2085 reduced
2772 2036 2838 2099 by

2541 2100 2624 2151 the
2646 2100 2812 2151 Suebi.

2531 2209 2752 2311 :7

2540 3004 2651 3056 The
2675 3005 2787 3057 Usi-

2605 3080 2679 3123 tes
2700 3071 2799 3150 and

2590 3144 2772 3190 encten
