3234 5134
354 627 413 689 116
700 636 727 688 c.
754 635 851 687 tuan
874 634 1061 687 caasams
1301 632 1360 698 [aa.
1372 646 1406 696 3-

353 799 446 864 cuius
469 817 505 863 se
527 796 693 862 amicitiae
714 798 911 872 devovisset,
935 797 1019 861 mori
1043 805 1227 862 recusaret:
1251 817 1327 862 cum
1350 794 1433 861 hist

354 902 568 967 Adiatunnus
589 903 797 984 eruptionem
820 901 927 967 iacere
950 912 1099 982 conatus,
1123 901 1269 966 clamore
1293 901 1337 966 ab
1363 921 1404 965 ea

354 1016 449 1089 parte
472 1006 662 1071 munitionis
684 1006 828 1084 subiato,
848 1026 924 1072 cum
946 1006 990 1071 ad
1011 1028 1104 1071 arma
1127 1005 1248 1071 milites
1268 1024 1402 1070 concur·

356 1111 472 1175 rissent
496 1109 775 1194 vehementerque
798 1111 843 1176 ibi
866 1119 1053 1195 pugnatum
1077 1120 1173 1185 esset,
1196 1109 1347 1194 repulsus
1369 1109 1402 1172 in

354 1214 517 1298 oppidum
536 1225 658 1291 tamen,
674 1215 723 1278 uti
746 1216 864 1280 eadem
884 1214 1061 1281 deditionis
1081 1214 1275 1281 condicione
1296 1222 1403 1278 utere-

354 1328 417 1396 tur,
432 1339 453 1382 a
468 1317 588 1384 Crasso
603 1320 798 1404 impetravit

185 1436 346 1488 formidante
398 1421 514 1486 Armis
525 1424 763 1506 obsidibusque
775 1423 920 1508 acceptis
932 1421 1070 1488 Crassus
1083 1423 1114 1488 in
1126 1421 1209 1487 fines
1220 1423 1400 1488 Vocatium
1414 1427 1456 1482 28

185 1503 320 1634 '232⁰‘
355 1536 389 1590 et
411 1526 623 1592 Tarusatium
649 1526 814 1609 proiectus
839 1536 900 1591 est.
944 1528 1032 1592 Tum
1055 1549 1134 1592 vero
1157 1528 1287 1592 barbari
1311 1539 1430 1591 com-²

184 1634 344 1685 nimands
357 1631 451 1709 moti,
473 1631 563 1714 quod
586 1632 748 1714 oppidum
771 1641 806 1696 et
830 1643 946 1697 natura
968 1631 1031 1696 ioci
1055 1641 1089 1696 et
1112 1652 1212 1695 manu
1237 1631 1401 1695 munitum

185 1700 282 1816 {22⁰⁸ss
292 1765 327 1830 by
355 1734 468 1817 paucis
486 1735 613 1814 diebus,
627 1735 748 1819 quibus
767 1755 808 1799 eo
823 1745 960 1800 ventum
980 1745 1063 1810 erat,
1079 1745 1308 1821 expugnatum
1323 1754 1401 1817 cog·

182 1832 524 1988 Semymverant,
550 1838 678 1922 legatos
703 1860 839 1922 quoquo
864 1859 995 1904 versum
1025 1840 1199 1917 dimittere,
1223 1839 1402 1914 coniurare,

353 1942 486 2007 obsides
512 1941 598 2006 inter
623 1963 660 2007 se
686 1942 776 2020 dare,
798 1943 912 2027 copias
942 1964 1058 2027 parare
1083 1952 1273 2025 coeperunt.
1319 1942 1431 2006 mit-a

353 2054 468 2111 tuntur
482 2045 584 2110 etiam
604 2045 647 2110 ad
668 2066 725 2111 eas
744 2046 896 2111 civitates
916 2046 1027 2131 legati,
1043 2066 1128 2130 quae
1148 2057 1226 2112 sunt
1245 2045 1402 2110 citerioris

354 2148 542 2231 Hispaniae
563 2147 724 2214 finitimae
742 2149 962 2232 Aquitaniae:
986 2150 1064 2215 inde
1086 2150 1212 2214 auxilia
1234 2150 1402 2232 ducesque

353 2261 570 2318 arcessuntur.
615 2251 767 2335 Quorum
792 2254 938 2318 adventu
963 2274 1182 2339 magnacum
1205 2254 1433 2318 auctoritate4

353 2365 387 2421 et
420 2376 541 2441 magna
569 2376 646 2420 cum
679 2356 853 2422 hominum
886 2357 1098 2423 multitudine
1130 2358 1254 2424 bellum
1287 2377 1402 2440 gerere

353 2471 520 2524 conantur.
567 2460 679 2525 Duces
687 2481 764 2526 vero
779 2462 801 2525 ii
817 2462 1017 2545 deliguntur,
1029 2462 1086 2543 qui
1102 2482 1258 2527 unacum
1276 2462 1402 2546 Quinto
1415 2474 1430 2525 5

354 2563 501 2629 Sertorio
531 2585 647 2628 omnes
678 2585 782 2630 annos
813 2565 943 2630 fuerant
968 2585 1200 2650 summamque
1230 2567 1400 2631 scientiam

353 2668 400 2731 rei
427 2668 579 2733 militaris
604 2668 727 2734 habere
753 2669 1038 2734 existimabantur.
1085 2669 1131 2733 Hi
1162 2670 1431 2734 consuetudine⁶

353 2770 467 2855 populi
484 2771 629 2836 Romani
645 2773 719 2837 ioca
739 2792 864 2856 capere,
879 2781 986 2839 castra
1008 2773 1145 2851 munire,
1160 2773 1402 2838 commeatibus

187 2888 328 2939 r‘enrtulot
354 2883 484 2937 nostros
525 2875 742 2941 intercludere
780 2878 964 2942 instituunt
1024 2875 1125 2961 Quod
1168 2877 1223 2941 ubi
1262 2875 1431 2944 Crassus?

186 2956 314 3070 ξξᾞῐξῗῐ
355 2976 589 3043 animadvertit
611 3000 687 3044 suas
705 2982 819 3065 copias
834 2992 971 3066 propter
985 2982 1204 3064 exiguitatem
1220 3000 1285 3044 non
1307 2979 1402 3046 facile

185 3086 303 3153 supplies·
355 3081 477 3153 diduci,
490 3080 622 3147 hostem
639 3095 672 3147 et
686 3085 801 3168 vagari
822 3096 856 3148 et
873 3086 943 3148 vias
963 3086 1114 3150 obsidere
1134 3093 1168 3148 et
1188 3085 1304 3149 castris
1323 3086 1403 3150 satis

355 3184 508 3270 praesidii
535 3186 725 3269 relinquere,
748 3188 793 3251 ob
823 3208 897 3252 eam
928 3209 1061 3254 causam
1088 3189 1196 3253 minus
1224 3191 1404 3255 commode

354 3290 555 3354 frumentum
592 3300 884 3374 commeatumque
921 3291 983 3355 sibi
1022 3292 1224 3374 supportari,
1262 3294 1295 3357 in
1332 3294 1403 3358 dies

354 3395 500 3460 hostium
521 3413 695 3458 numerum
716 3395 841 3476 augeri,
857 3414 923 3458 non
946 3398 1168 3460 cunctandum
1189 3397 1402 3472 existimavit,

355 3500 434 3582 quin
460 3518 573 3582 pugna
601 3500 792 3564 decertaret.
839 3497 914 3563 Hac
944 3518 981 3562 re
1006 3499 1049 3563 ad
1078 3499 1252 3563 consilium
1279 3500 1430 3579 delatas

388 3729 432 3775 28.
444 3730 457 3784 ς
471 3740 493 3776 a.
511 3729 609 3783 pausis
620 3728 730 3784 diebus,
741 3729 854 3787 quibua,
905 3728 1065 3779 commander
1076 3744 1123 3778 one
1134 3729 1164 3780 oi
1171 3729 1213 3780 the
1225 3728 1294 3781 chief
1301 3746 1351 3779 was
1361 3729 1400 3778 his

356 3793 411 3850 do,
424 3791 611 3842 ‘withinaievr
621 3791 683 3856 days
694 3790 771 3843 aster!
805 3792 856 3842 For
905 3793 965 3843 skili
984 3794 1010 3844 in
1030 3794 1151 3862 choosing
1168 3796 1276 3845 recmits
1310 3794 1399 3860 Veget.

355 3856 699 3922 thisidiomcp.iv.18,§1:
717 3856 854 3920 v.26,51:
905 3858 956 3921 i7.

355 3922 385 3971 C.
396 3921 422 3971 ti.
437 3934 477 3983 32,
491 3927 548 3985 55:
566 3923 619 3974 Cic.
631 3923 707 3974 Rosc.
715 3924 773 3972 Am.
787 3928 800 3983 ς
815 3936 855 3983 20,
940 3927 996 3989 57.
1022 3928 1107 3982 Quod
1128 3929 1185 3975 ubi.
1227 3925 1291 3975 ‘But
1312 3923 1400 3976 when?

355 3988 402 4036 &c
905 3989 961 4039 The
971 3992 1110 4055 expression
1121 4006 1202 4041 seems
1211 3992 1401 4054 tobeonapar

390 4056 440 4114 55.
457 4053 567 4107 Quinto
584 4056 717 4102 samono.
752 4053 855 4117 Among
904 4054 1058 4121 with‘quod
1078 4054 1116 4117 sil
1131 4057 1214 4122 ‘quod
1234 4055 1299 4120 nisi,'
1315 4056 1401 4123 ‘quod

356 4116 398 4168 the
415 4131 490 4181 many
507 4117 593 4166 merita
612 4117 641 4167 oi
652 4117 774 4169 Sertorim
792 4134 854 4168 asa
904 4119 945 4172 ni!
