3234 5134
343 605 401 670 ¹90
686 597 714 648 c.
740 596 837 650 ww
859 595 1049 648 caesam
1292 597 1349 664 [su
1363 610 1396 646 1-

342 762 503 828 sermonis
531 760 659 826 aditum
690 780 891 843 causamque
927 760 1092 825 amicitiae
1126 779 1202 825 cum
1232 759 1394 825 Cicerone

341 864 521 941 habebant,
543 864 687 948 colloqui
709 885 782 930 sese
806 865 892 929 velle
914 865 1039 930 dicunt.
1094 864 1198 930 Facta
1223 874 1393 947 potestate
1407 887 1426 921 2

341 971 470 1047 eadem,
491 988 578 1050 quae
599 968 777 1034 Ambiorix
798 988 875 1033 cum
895 968 1026 1034 Titurio
1046 979 1168 1053 egerat,
1186 987 1392 1033 commemo-

341 1082 434 1138 rant:
455 1077 606 1137 ‘omnem
619 1093 691 1138 esse
702 1073 736 1137 in
748 1073 850 1138 armis
860 1071 1020 1151 Galliam3
1040 1070 1226 1138 Germanos
1235 1071 1392 1136 Rhenum
1406 1094 1425 1140 s

341 1176 518 1255 transisse3
551 1175 703 1240 Caesaris
729 1177 996 1260 reliquorumque
1021 1175 1158 1241 hiberna
1183 1175 1393 1260 oppugnari?

343 1281 486 1345 Addunt
502 1280 603 1344 etiam
618 1281 662 1345 de
678 1279 794 1346 Sabini
813 1290 922 1345 morte
935 1301 943 1359 ;
968 1279 1200 1363 Ambiorigem
1220 1289 1392 1345 ostentant
1405 1299 1424 1348 4

342 1384 420 1449 fidei
436 1382 609 1449 faciundae
624 1405 733 1449 causa.
769 1383 908 1447 ‘Errare
922 1382 997 1448 eos'
1012 1384 1137 1459 dicunt,
1151 1384 1196 1448 ‘si
1211 1384 1392 1467 quicquam
1407 1399 1423 1447 s

341 1488 385 1553 ab
411 1488 463 1552 his
488 1489 643 1572 praesidii
666 1498 809 1572 sperent,
831 1481 889 1571 qui
911 1488 980 1554 suis
1001 1488 1100 1552 rebus
1122 1488 1292 1567 diffidant3
1317 1508 1394 1552 sese

341 1603 454 1657 tamen
481 1591 545 1657 hoc
570 1612 643 1657 esse
665 1592 699 1656 in
727 1591 922 1658 Ciceronem
946 1591 1174 1676 populumque
1200 1593 1393 1657 Romanum

340 1698 464 1777 animo,
489 1706 526 1761 ut
548 1696 628 1761 nihil
654 1698 714 1761 nisi
737 1695 876 1761 hiberna
898 1705 1048 1761 recusent
1070 1707 1172 1779 atque
1193 1696 1277 1761 hanc
1300 1697 1394 1760 inve·

342 1811 505 1867 terascere
524 1801 795 1866 consuetudinem
820 1801 944 1878 nolint3
967 1800 1065 1865 licere
1087 1800 1150 1866 illis
1172 1800 1423 1866 incolumibuso

343 1925 403 1990 per
425 1926 461 1970 se
482 1905 693 1970 exhibentis
715 1905 885 1970 discedere
907 1914 950 1981 et,
972 1924 1198 1988 quascumque
1224 1905 1257 1969 in
1279 1915 1394 1987 partes

343 2009 455 2085 veiint,
470 2010 541 2074 sine
556 2017 647 2073 metu
663 2006 846 2092 proficisci?
882 2007 1000 2074 Cicero
1014 2011 1058 2074 ad
1072 2009 1155 2073 baec
1170 2029 1272 2073 unum
1289 2009 1393 2073 modo
1409 2030 1424 2081 r

344 2113 535 2196 respondit:
572 2115 658 2176 ‘non
688 2131 761 2177 esse
791 2114 1063 2179 consuetudinem
1098 2113 1213 2198 populi
1247 2112 1391 2177 Romani

344 2218 495 2299 accipere
523 2218 567 2281 ab
593 2215 689 2281 hoste
713 2226 843 2281 armato
870 2218 1122 2294 condicionem
1160 2218 1189 2282 si
1217 2217 1262 2281 ab
1291 2217 1423 2281 armiss

343 2319 513 2386 discedere
548 2320 661 2394 velint,
690 2341 725 2385 se
754 2321 909 2386 adiutore
945 2330 1081 2386 utantur
1117 2321 1312 2406 legatosque
1347 2321 1391 2385 ad

345 2423 521 2490 Caesarem
537 2424 691 2500 mittant3
716 2443 851 2507 sperare
867 2444 930 2508 pro
946 2426 1016 2491 eius
1035 2426 1171 2505 iustitia,
1186 2446 1273 2508 quae
1287 2426 1392 2509 petie-

344 2527 421 2606 rint,
435 2527 690 2613 impetraturos!

177 2650 232 2699 The
241 2647 328 2698 Nervii
389 2630 449 2696 Ab
471 2631 534 2696 hac
558 2653 617 2716 spe
643 2632 766 2718 repulsi
789 2632 904 2697 Nervii
926 2631 1015 2698 vallo
1038 2633 1160 2717 pedum
1186 2647 1229 2698 lx
1248 2644 1283 2699 et
1305 2633 1451 2705 iossaas

178 2712 309 2830 ζξξᾘο
347 2735 471 2818 pedum
487 2749 537 2799 xv
552 2735 692 2800 hiberna
707 2737 853 2821 cingunt.
900 2737 994 2802 Haec
1010 2748 1045 2803 et
1064 2738 1271 2821 superiorum
1287 2758 1422 2803 annos

177 2861 259 2910 camp·
346 2859 419 2903 rum
435 2840 674 2904 consuetudine
687 2841 732 2906 ab
753 2840 851 2905 nobis
871 2851 1093 2924 cognoverant
1113 2852 1148 2906 et
1169 2844 1334 2925 quosdam
1348 2843 1394 2907 de

346 2942 494 3008 exercitu
520 2943 606 3007 nacti
633 2943 791 3026 captivos,
815 2945 860 3009 ab
886 2944 937 3009 his
960 2946 1185 3025 docebantur3
1218 2947 1278 3010 sed
1302 2946 1422 3019 nullas

345 3046 615 3110 ferramentorum
636 3047 743 3130 copia,
758 3067 844 3131 quae
866 3057 952 3113 esset
973 3051 1017 3114 ad
1039 3049 1126 3114 hunc
1144 3069 1241 3114 usum
1262 3051 1392 3125 idonea,

346 3148 465 3235 gladiis
480 3148 639 3232 caespites
654 3150 899 3231 circumcidere,
906 3152 1058 3217 manibus
1069 3153 1258 3237 sagulisque
1271 3164 1393 3219 terram

346 3253 524 3319 exhaurire
552 3253 751 3318 nitebantur.
809 3254 887 3338 Qua
915 3257 1049 3340 quidem
1080 3277 1125 3321 ex
1154 3279 1190 3322 re
1218 3259 1424 3333 hominum4

347 3358 527 3424 multitudo
555 3358 710 3442 cognosci
743 3360 872 3443 potuit3
909 3380 987 3423 nam
1017 3361 1126 3426 minus
1163 3362 1251 3427 horis
1288 3363 1423 3432 tribuss

347 3464 475 3528 milium
496 3482 654 3547 passuum
669 3476 720 3525 xv
735 3462 769 3527 in
786 3463 924 3528 circuitu
948 3464 1165 3529 munitionem
1186 3465 1395 3550 perfecerunt

347 3568 547 3650 reliquisque
575 3567 692 3632 diebus
722 3577 829 3633 turres
857 3569 901 3633 ad
938 3568 1146 3634 altitudinem
1177 3570 1266 3652 valli,
1294 3569 1395 3637 falces

346 3673 606 3754 testudinesque,
628 3692 711 3756 quas
734 3672 835 3737 iidem
859 3672 982 3757 captivi
1004 3673 1195 3750 docuerant,
1217 3695 1334 3759 parare
1355 3697 1394 3741 ac

347 3775 455 3840 lacere
469 3788 657 3862 coeperunt.

379 3916 425 3962 42.
446 3916 460 3973 ἦ
481 3927 504 3976 3.
529 3918 698 3974 urensque.
731 3915 787 3967 The
809 3916 848 3966 di·
930 3917 988 3977 45.
1014 3929 1156 3973 nuruum.
1196 3916 1331 3983 Nepoleon
1353 3917 1397 3967 111

347 3979 466 4029 minutive
483 3995 569 4030 occurs
590 3981 644 4031 also
659 3982 684 4030 in
696 3980 737 4030 At.
749 3993 790 4046 57,
804 3986 846 4046 §5
897 3979 982 4030 would
1000 3980 1058 4030 bere
1077 3982 1208 4033 substitute
1225 3983 1345 4049 ‘pedum'
1363 4000 1396 4033 on

347 4043 454 4108 ‘sagulo
468 4045 607 4109 purpureo)
641 4045 765 4110 ‘Sagun'
780 4047 850 4098 itseli
897 4046 941 4095 tbe
955 4046 1052 4111 ground
1069 4047 1098 4096 of
1112 4048 1153 4098 the
1167 4047 1278 4098 intrinsic
1291 4049 1395 4099 inmedi-

348 4125 434 4161 occurs
445 4111 470 4159 in
482 4110 512 4160 C.
527 4110 548 4159 L
561 4121 600 4175 75,
614 4116 627 4171 5
641 4124 663 4173 a
897 4110 973 4175 bliity
983 4111 1013 4160 oi
1019 4111 1062 4162 the
1073 4110 1146 4162 other
1156 4120 1294 4165 mutuent.
