3234 5134
367 553 426 615 166
717 560 745 613 C.
771 561 869 613 IULII
891 562 1079 615 CAESARIS
1330 563 1375 631 [6.
1386 565 1428 613 6-

364 726 440 791 silio
459 723 738 790 administrarent.
782 723 878 791 Haec
893 747 914 791 a
928 725 1155 810 compluribus
1174 727 1219 792 ad
1238 725 1422 792 Caesarem

367 828 610 894 deserebantur.

413 932 489 1017 Qua
504 953 539 997 re
558 932 692 1016 cognita
714 931 846 1012 Caesar,
861 934 953 1018 quod
975 944 1106 999 tantum
1128 934 1253 1000 civitati
1275 933 1455 999 Aeduaer

368 1036 540 1121 dignitatis
573 1038 751 1116 tribuebat,
780 1037 998 1103 coercendum
1037 1049 1138 1122 atque
1174 1039 1420 1110 deterrendum,

368 1141 631 1225 quibuscumque
660 1142 758 1207 rebus
791 1152 914 1224 posset,
944 1142 1185 1226 Dumnorigem
1225 1143 1420 1218 statuebat,

369 1246 461 1329 quod
485 1245 616 1329 longius
639 1245 709 1310 eius
732 1246 913 1310 amentiam
941 1247 1094 1330 progredi
1117 1247 1262 1323 videbat,
1289 1247 1448 1330 proripi-²

371 1349 535 1424 ciendum,
560 1369 603 1414 ne
631 1350 712 1433 quid
741 1350 804 1414 sibi
834 1369 874 1416 ac
897 1351 944 1413 rei
969 1348 1122 1433 publicae
1148 1370 1266 1415 nocere
1296 1359 1420 1433 posset

374 1456 493 1538 ltaque
515 1455 588 1519 dies
604 1454 733 1519 circiter
755 1468 833 1517 xxv
854 1454 888 1518 in
911 1474 952 1519 eo
973 1452 1048 1521 loco
1070 1463 1306 1531 commoratus,
1329 1454 1448 1536 quod³

374 1558 480 1623 Corus
508 1568 627 1622 ventus
656 1558 903 1643 navigationem
933 1559 1146 1640 impediebat,
1175 1559 1232 1642 qui
1263 1577 1422 1642 magnam

372 1674 503 1746 partem
518 1662 626 1726 omnis
642 1663 800 1746 temporis
818 1662 852 1726 in
867 1662 919 1726 his
933 1661 1016 1726 locis
1031 1661 1110 1727 flare
1125 1662 1306 1738 consuevit,
1317 1663 1422 1725 dabat

373 1786 520 1851 operam,
549 1775 587 1831 ut
616 1765 649 1830 in
680 1767 789 1833 officio
820 1766 1062 1851 Dumnorigem
1095 1766 1289 1842 contineret,
1317 1765 1424 1829 nihilo

374 1881 487 1936 tamen
513 1870 620 1934 secius
645 1872 759 1936 omnia
780 1871 852 1935 eius
872 1870 1008 1937 consilia
1029 1879 1261 1953 cognosceret3
1285 1869 1451 1933 tandems

375 1974 529 2038 idoneam
559 1982 675 2037 nactus
702 1983 940 2058 tempestatem
972 1974 1092 2039 milites
1121 1974 1317 2057 equitesque
1344 1992 1425 2038 con·

376 2077 533 2143 scendere
555 2075 588 2140 in
611 2095 710 2141 naves
732 2077 833 2143 iubet.
878 2078 929 2142 At
948 2079 1099 2143 omnium
1121 2077 1290 2161 impeditis
1304 2077 1451 2140 animiss

377 2181 569 2246 Dumnorix
587 2201 664 2246 cum
682 2182 848 2263 equitibus
870 2181 1068 2248 Aeduorum
1086 2202 1108 2246 a
1129 2182 1245 2246 castris
1267 2181 1426 2245 insciente

379 2284 521 2350 Caesare
550 2286 688 2378 domum
717 2286 886 2352 discedere
922 2286 1040 2371 coepit.
1086 2285 1164 2370 Qua
1200 2305 1235 2349 re
1271 2284 1453 2350 nuntiata⁶

380 2390 504 2455 Caesar
518 2390 706 2455 intermissa
721 2391 922 2475 profectione
936 2399 1039 2473 atque
1054 2391 1208 2454 omnibus
1223 2390 1320 2453 rebus
1335 2399 1426 2471 post-

379 2493 497 2577 positis
513 2513 669 2577 magnam
691 2505 821 2578 partem
840 2493 1007 2578 equitatus
1022 2493 1070 2558 ad
1090 2512 1168 2557 eum
1187 2493 1428 2575 insequendum

381 2599 484 2662 mittit
506 2597 695 2680 retrahique
718 2600 880 2682 imperat;
902 2600 931 2663 si
952 2600 1021 2662 vim
1048 2597 1147 2663 faciat
1174 2616 1281 2680 neque
1303 2605 1456 2679 pareant

381 2699 518 2763 interfici
542 2702 644 2776 iubet,
659 2701 740 2765 nihil
758 2701 846 2768 bunc
867 2722 903 2766 se
924 2703 1061 2767 absente
1082 2722 1144 2784 pro
1166 2721 1247 2765 sano
1267 2699 1428 2765 iacturum

381 2803 569 2881 arbitratus,
598 2805 655 2887 qui
685 2807 867 2887 praesentis
895 2806 1070 2889 imperium
1102 2805 1313 2888 neglexisset
1367 2804 1458 2867 Illes

383 2907 449 2970 ianr
465 2917 636 2970 revocatus
652 2909 801 2973 resistere
815 2930 855 2974 ac
870 2931 906 2974 se
922 2929 1022 2974 manu
1037 2907 1214 2974 defendere
1228 2928 1430 2991 suorumque

383 3010 486 3075 fidem
514 3008 690 3092 implorare
726 3013 837 3095 coepit
873 3033 973 3096 saepe
1003 3013 1176 3079 clamitans
1206 3012 1364 3077 ‘liberum
1394 3033 1430 3077 se

381 3116 572 3196 liberaeque
599 3134 670 3178 esse
692 3114 855 3181 civitatis!
902 3116 966 3195 illi,
989 3126 1026 3181 ut
1049 3127 1120 3183 erat
1141 3118 1350 3200 imperatum,
1369 3117 1459 3184 cir-9

417 3337 507 3396 'ma
525 3335 739 3383 Oorumntne
773 3330 884 3383 ‘Corus'
933 3331 1009 3396 again
1031 3330 1057 3381 in
1077 3331 1120 3381 sii.
1142 3330 1183 3393 60,
1208 3337 1222 3393 5
1247 3347 1271 3396 3,
1294 3330 1432 3397 ‘proficisci

386 3419 414 3453 or
436 3397 563 3457 ‘Caurus'
582 3397 625 3447 the
643 3397 787 3447 north-west
806 3397 884 3457 wind,
934 3397 1058 3461 imperan'
1089 3397 1434 3449 Thesemeeoustructionls

384 3482 437 3518 was
448 3464 528 3515 called
539 3465 573 3528 by
583 3464 626 3513 the
637 3462 732 3513 Greeks
743 3460 885 3524 Ἀῃέστηῃ
935 3462 1067 3527 employed
1077 3463 1111 3528 by
1122 3463 1222 3514 Hirtius
1233 3465 1273 3527 (R
1285 3463 1318 3513 G.
1328 3463 1379 3512 viii.
1394 3474 1431 3523 27,

386 3531 445 3583 Aul.
466 3530 532 3580 Gell.
550 3530 578 3580 ii.
599 3535 671 3589 am
694 3542 731 3579 12.
765 3528 886 3592 vegetius
937 3529 1164 3593 54),‘procedene
1182 3566 1187 3578 .
1204 3568 1210 3580 .
1227 3566 1234 3581 .
1251 3525 1434 3594 imperet'nnd

385 3660 743 3726 a,
935 3592 1433 3682 <>

388 3726 471 3777 Greek
495 3725 634 3787 Λιβόνοτω,
657 3728 701 3777 bnt
723 3727 782 3777 here
807 3726 839 3777 be
864 3726 887 3776 is
972 3677 1098 3784 §ipius
1115 3730 1181 3777 lem.
1213 3725 1268 3777 The
1284 3724 1357 3776 MSS.
1371 3723 1434 3774 hare

388 3799 432 3841 ont
459 3791 488 3840 ol
511 3791 633 3856 hermony
654 3792 715 3841 with
740 3794 819 3843 better
842 3808 886 3842 au·
937 3791 1002 3841 ‘Ille
1016 3791 1100 3855 enirn,'
1111 3792 1192 3842 which
1207 3791 1325 3841 hasbeen
1340 3790 1435 3841 altered

388 3855 507 3906 thorities
937 3873 971 3907 on
992 3858 1036 3907 the
1059 3857 1157 3924 ground
1183 3856 1237 3907 that
1259 3854 1356 3906 ‘enim’
1377 3856 1435 3906 here

423 3919 478 3981 56.
499 3925 660 3981 amnique
676 3926 805 3981 impons.
838 3922 887 3973 We
956 3923 1007 3974 ‘res
1027 3938 1061 3972 no
1083 3939 1161 3974 sense.
1194 3922 1242 3973 But
1261 3919 1358 3972 ‘enim'
1377 3937 1435 3985 rney

387 3987 440 4037 hed
461 3985 609 4050 ‘imperare’
628 3988 689 4037 with
708 3989 750 4039 the
772 3988 840 4039 infin.
860 3989 887 4038 in
984 3988 1045 4038 used
1061 3989 1113 4038 lllre
1130 3985 1284 4038 ‘enimvero'
1316 3988 1365 4053 Cp.
1376 3987 1435 4036 Ter.

388 4054 406 4104 i.
418 4057 432 4113 t
444 4066 468 4117 3,
482 4050 600 4117 ‘imperat
616 4051 686 4114 fieri:
698 4053 747 4102 and
764 4054 784 4103 it
799 4068 887 4104 occurs
936 4053 1037 4103 Phorm.
1059 4066 1113 4116 113,
1131 4053 1193 4103 ‘tlh
1208 4054 1275 4103 enim
1292 4068 1318 4103 se
1334 4051 1433 4119 negnt':
