3234 5134
234 608 278 655 84.
295 604 323 670 1]
474 604 528 655 DE
550 604 674 656 BELLO
699 604 867 656 GALLICO.
917 604 989 657 LIB.
1015 605 1048 655 ΙΙ
1242 612 1283 674 93

180 776 222 831 88
280 765 353 833 Sub
381 787 554 850 vespenrm
586 765 710 831 Caesar
735 778 850 850 portas
878 767 988 832 claudi
1018 758 1207 849 militesque
1237 787 1282 830 ex
1296 775 1346 826 and

236 871 362 955 oppido
377 871 470 935 exire
484 872 589 949 iussit,
605 892 646 936 ne
669 890 771 953 quam
793 882 893 935 noctu
914 872 1072 954 oppidani
1088 891 1109 935 a
1124 870 1283 935 militibus
1296 849 1450 972 ζᾝζῗ

208 975 386 1040 ainiuriam
403 975 600 1057 acciperent.
647 974 701 1038 Illi
724 985 802 1040 ante
823 976 916 1051 inito,
935 985 972 1038 ut
994 974 1198 1040 intellectum
1222 984 1284 1052 est,
1296 973 1377 1038 night

237 1078 384 1158 consilio,
404 1080 492 1161 quod
517 1079 685 1144 deditione
706 1078 794 1143 iacta
817 1088 948 1143 nostros
974 1079 1138 1162 praesidia
1162 1078 1285 1143 deduc·

237 1192 327 1247 turos
353 1193 412 1247 aut
440 1183 584 1265 deniqne
611 1181 838 1263 indiligentius
859 1190 1045 1247 servaturos
1068 1182 1284 1258 crediderant,

238 1287 359 1369 partim
385 1307 461 1350 curn
488 1287 537 1364 iis,
559 1307 646 1369 quae
669 1287 871 1352 retinuerant
897 1295 930 1349 et
956 1285 1149 1363 celaverant,
1173 1284 1285 1365 armis,

238 1391 361 1473 partim
391 1389 492 1455 scutis
521 1412 565 1456 ex
589 1390 711 1454 cortice
735 1389 832 1454 iactis
855 1398 914 1454 aut
939 1389 1115 1453 viminibus
1138 1389 1285 1466 intextis,

239 1514 325 1577 quae
346 1494 467 1570 subito,
490 1505 528 1559 ut
550 1494 709 1579 temporis
731 1493 897 1576 exiguitas
919 1479 1120 1576 postulabat,
1142 1494 1286 1577 pellibus

240 1599 449 1677 induxerant,
465 1599 562 1664 tertia
577 1598 698 1682 vigilia,
714 1617 781 1679 qua
802 1597 938 1662 minime
952 1598 1074 1661 arduus
1089 1598 1132 1660 ad
1152 1607 1285 1661 nostras

240 1704 438 1767 munitiones
460 1723 614 1766 ascensus
637 1702 821 1778 videbatur,
844 1700 995 1764 omnibus
1018 1701 1121 1783 copiis
1144 1701 1285 1785 repenti·

210 1827 317 1881 anam
338 1827 382 1870 ex
403 1807 529 1889 oppido
546 1806 753 1888 eruptionem
772 1804 929 1871 iecerunt.
975 1803 1140 1881 Celeriter,
1156 1815 1193 1868 ut
1208 1815 1286 1868 ante
1300 1819 1371 1883 They
1381 1835 1423 1868 are

241 1909 363 1976 Caesar
386 1911 571 1993 imperarat,
586 1910 719 1994 ignibus
736 1908 977 1993 significatione
998 1908 1085 1972 iacta
1108 1930 1152 1973 ex
1172 1909 1285 1992 proxi·
1299 1884 1416 2000 mem

210 2016 303 2093 4mis
317 2014 461 2080 castellis
476 2033 516 2077 eo
531 2033 727 2078 concursum
742 2024 802 2088 est,
812 2022 1064 2096 pugnatumque
1075 2011 1119 2076 ab
1134 2011 1285 2077 hostibus
1299 2015 1352 2065 into

240 2121 286 2184 ita
308 2120 427 2183 acriter
444 2128 503 2192 est,
520 2128 557 2181 ut
572 2137 593 2181 a
608 2118 685 2181 viris
705 2116 846 2181 fortibus
866 2118 900 2180 in
921 2126 1071 2181 extrema
1091 2138 1151 2198 spe
1173 2116 1287 2180 salutis
1300 2080 1405 2144 slavery.

241 2224 355 2306 iniquo
377 2222 452 2286 loco
477 2231 591 2286 contra
617 2242 684 2299 eos,
711 2222 767 2304 qui
794 2241 840 2284 ex
866 2220 954 2285 vallo
978 2220 1189 2303 turribusque
1218 2221 1286 2285 tela

241 2327 391 2404 iacerent,
409 2326 549 2408 pugnari
565 2325 689 2402 debuit,
705 2345 781 2389 cum
802 2325 836 2387 in
860 2344 926 2388 una
945 2324 1066 2388 virtute
1087 2325 1196 2388 omnis
1211 2343 1288 2408 spes

213 2430 355 2500 ssalutis
378 2429 580 2494 consisteret.
626 2428 752 2494 Occisis
774 2429 817 2492 ad
841 2427 1013 2493 hominum
1036 2429 1169 2492 milibus
1192 2438 1287 2511 quat·

212 2545 318 2599 otuor
332 2533 448 2616 reliqui
462 2534 494 2597 in
510 2533 670 2616 oppidum
687 2533 797 2598 reiecti
814 2542 901 2597 sunt.
947 2533 1111 2597 Postridie
1129 2533 1198 2596 eius
1222 2533 1287 2596 diei

242 2638 388 2703 refractis
412 2638 526 2720 portis,
542 2657 617 2701 cum
641 2638 706 2702 iam
728 2635 922 2700 defenderet
944 2656 1052 2712 nemo,
1067 2647 1169 2719 atque
1191 2637 1287 2702 intro

243 2742 348 2806 missis
365 2740 524 2806 militibus
539 2740 660 2806 nostris
674 2743 855 2807 sectionem
874 2742 944 2807 eius
964 2740 1080 2824 oppidi
1104 2742 1288 2805 universam

215 2873 229 2928 7
243 2846 366 2911 Caesar
379 2844 538 2909 vendidit
584 2844 642 2909 Ab
657 2845 706 2921 iis,
721 2847 778 2929 qui
794 2854 950 2922 emerant,
966 2846 1112 2927 capitum
1134 2865 1289 2910 numerus

242 2951 285 3015 ad
302 2971 378 3014 eum
394 2947 516 3014 relatus
531 2958 581 3013 est
597 2949 723 3014 milium
740 2950 981 3034 quinquaginta
995 2951 1104 3014 trium.

188 3070 231 3127 34
288 3055 419 3118 Eodem
440 3063 589 3136 tempore
610 3074 630 3116 a
652 3054 771 3119 Publio
792 3055 920 3128 Crasso,
936 3074 1036 3136 quem
1059 3074 1135 3118 cum
1157 3053 1290 3138 legione
1302 3067 1404 3118 Success
1416 3069 1444 3117 os

244 3179 309 3223 una
325 3159 456 3223 miserat
472 3157 516 3221 ad
531 3157 688 3238 Venetos,
704 3157 872 3237 Venellos,
884 3158 1045 3236 Osismos,
1062 3156 1289 3235 Coriosolitas,
1301 3134 1451 3264 ffiffffie

277 3315 321 3361 88.
344 3315 357 3370 5
383 3325 405 3359 a.
432 3312 590 3359 viminibus
614 3312 744 3371 intextis,
788 3309 853 3360 tbeir
864 3325 938 3360 name
954 3309 979 3359 in
996 3309 1111 3366 Vannesz
1128 3310 1171 3359 the
1182 3308 1290 3369 Venelli,

247 3376 409 3426 ‘viminibus'
426 3375 537 3441 depends
564 3390 596 3425 on
615 3374 747 3438 ‘intextis’
788 3376 847 3426 who
865 3375 942 3440 figure
960 3377 985 3424 in
1005 3376 1048 3425 tire
1066 3376 1137 3425 MSS.
1152 3391 1180 3424 as
1197 3374 1290 3435 Unelli,

245 3440 475 3494 ‘wovenoiosiers’
501 3438 746 3505 Cp‚iii.6,§3‘bos·
789 3443 910 3507 occupied
920 3441 1129 3491 theCotentinin
1143 3440 1251 3489 Manche
1261 3457 1290 3490 or

244 3508 307 3559 tium
318 3506 601 3572 copiisiusisnrmisque
611 3505 705 3557 exutis'
789 3507 845 3556 that
922 3506 952 3556 oi
960 3507 1003 3557 the
1020 3515 1088 3555 coest
1105 3505 1134 3555 oi
1142 3506 1290 3570 Normsndy

279 3576 465 3631 repentinam.
496 3571 570 3622 MSS.
585 3569 746 3636 ‘repentino'
788 3572 854 3622 whic
890 3573 955 3622 iaces
976 3571 1018 3620 the
1040 3571 1152 3621 Channel
1176 3571 1290 3630 Islsnds3

280 3643 293 3698 5
307 3654 329 3704 5.
347 3642 384 3687 sd
394 3640 542 3686 hominum
553 3640 677 3686 milibus.
700 3637 747 3687 See
789 3637 832 3687 the
843 3638 936 3687 Osismi
945 3652 1008 3686 were
1015 3637 1113 3686 located
1124 3637 1150 3685 in
1161 3637 1183 3685 F
1183 3635 1290 3697 inistere,

246 3705 264 3756 i.
278 3720 316 3770 ²9›
330 3708 343 3763 5
358 3719 370 3752 s
385 3701 512 3752 ‘inerunt‘
788 3703 832 3754 the
853 3703 1016 3752 Coriosolites
1042 3703 1066 3750 in
1094 3702 1137 3751 the
1163 3702 1291 3817 adjoinisff

247 3770 537 3886 «altitius
553 3770 747 3897 niliissidiy’
789 3766 1291 3891 itffttntblnlitlldlls

246 3898 365 3952 suction’
398 3900 445 3964 Cp
460 3897 748 3963 ‘suctionemvendere,'
790 3899 853 3949 both
872 3898 915 3948 the
932 3913 1005 3948 name
1022 3899 1070 3947 aud
1086 3899 1129 3948 the
1143 3900 1295 3964 positiones

245 3969 299 4019 Cic.
312 3968 360 4016 Pro
372 3964 498 4029 Quinctio,
512 3967 525 4022 5
540 3978 576 4030 19.
789 3966 833 4014 the
867 3964 952 4013 Esuvii
991 3979 1033 4013 are
1070 3967 1211 4015 uncertain:
1254 3965 1291 4013 Μ.

278 4038 324 4083 84.
335 4038 348 4093 5
360 4046 383 4081 ι.
395 4034 527 4089 Venetos,
536 4034 581 4080 iio.
598 4031 653 4081 The
660 4029 749 4082 Veneti
792 4029 932 4094 Desjnrdins
943 4029 1036 4079 locates
1047 4029 1114 4080 them
1126 4032 1152 4080 in
1163 4030 1231 4081 Ome
1241 4030 1292 4080 and

245 4099 313 4150 lived
324 4099 350 4149 ln
361 4097 404 4148 the
415 4096 556 4159 Morbihsn,
568 4097 619 4148 and
630 4098 692 4148 hsve
702 4096 748 4147 leit
790 4097 833 4147 the
844 4104 904 4147 vest
915 4095 945 4146 oi
954 4095 1089 4147 Cslvsdos
