3234 5134
175 642 222 690 us.
235 635 263 704 ⁵]
403 637 457 689 us
479 637 603 690 sarto
628 638 796 690 carrrco.
849 638 918 690 tra.
947 614 1018 690 vu
1163 646 1223 708 ²93

147 826 161 861 ι
177 799 320 865 Caesare
338 798 451 883 legato
469 801 512 865 ad
531 820 647 864 omnes
666 810 778 883 partes
799 801 1061 884 opponebantur.
1109 800 1221 866 Helvii

175 924 236 969 sua
257 913 376 986 sponte
397 924 474 969 curn
496 903 644 969 finitimis
666 904 793 988 proelio
815 906 982 989 congressi
1004 903 1170 989 pelluntur
1188 917 1221 970 et

177 1007 264 1073 Gaio
276 1007 411 1073 Valerio
427 1008 656 1086 Donnotaum,
672 1006 795 1073 Caburi
811 1006 890 1084 tilio,
906 1009 1053 1093 principe
1068 1009 1220 1084 civitatis,

175 1111 466 1195 compluribusque
489 1111 561 1175 aliis
585 1110 766 1176 intersectis
787 1111 874 1176 intra
897 1113 1021 1196 oppida
1046 1133 1084 1177 ac
1111 1133 1221 1177 muros

147 1216 426 1301 scompelluntur.
471 1214 674 1300 Allobroges
703 1216 828 1280 crebris
856 1217 900 1280 ad
927 1216 1128 1282 Rhodanum
1155 1218 1221 1282 dis·

176 1321 293 1404 positis
308 1321 476 1404 praesidiis
492 1339 703 1404 magnacum
719 1339 796 1385 cura
812 1330 845 1384 et
861 1319 1031 1404 diligentia
1051 1342 1127 1385 suos
1140 1320 1221 1386 fines

146 1436 321 1499 rtuentur.
366 1424 498 1502 Caesar,
520 1425 610 1506 quod
633 1423 747 1488 hostes
773 1423 921 1505 equitatu
944 1424 1127 1505 superiores
1150 1445 1221 1493 esse
1235 1439 1369 1488 Muedin-

176 1527 389 1612 intellegebat
404 1537 437 1593 et
454 1526 638 1591 interclusis
655 1527 808 1609 omnibus
829 1526 1001 1591 itineribus
1021 1526 1112 1592 nulla
1127 1550 1161 1594 re
1176 1550 1263 1619 exc,
1232 1503 1314 1567 ΜΨ
1325 1502 1376 1552 ⁸¹¹³

176 1633 343 1716 provincia
364 1642 464 1715 atque
487 1631 584 1696 Italia
605 1630 768 1696 sublevari
790 1641 931 1715 poterat,
952 1640 1042 1696 trans
1065 1631 1220 1697 Rhenum
1234 1634 1341 1699 brought

176 1738 210 1801 in
227 1735 440 1801 Germaniam
460 1736 562 1800 mittit
582 1736 626 1799 ad
646 1755 703 1799 eas
722 1735 881 1811 civitates,
897 1754 980 1817 quas
999 1735 1222 1817 superioribus
1234 1699 1371 1830 bom?

176 1840 273 1906 annis
288 1849 472 1926 pacaverat,
487 1840 681 1921 equitesque
695 1839 739 1902 ab
754 1837 807 1902 his
821 1837 957 1903 arcessit
973 1848 1007 1904 et
1020 1837 1102 1902 levis
1116 1859 1223 1903 arma·

148 1952 271 2018 sturae
287 1946 425 2028 pedites,
440 1945 496 2026 qui
512 1944 597 2007 inter
612 1962 669 2006 eos
683 1943 837 2025 proeliari
853 1953 1057 2007 consuerant.
1097 1942 1222 2009 Eorum

177 2050 332 2124 adventu,
346 2047 436 2130 quod
453 2049 562 2110 minus
582 2046 707 2110 idoneis
728 2046 821 2129 equis
841 2046 1027 2125 utebantur,
1042 2067 1063 2110 a
1083 2047 1223 2111 tribunis

177 2152 319 2216 militum
348 2150 545 2232 reliquisque
570 2144 643 2237 [sed
669 2148 719 2237 et]
747 2149 912 2233 equitibus
938 2149 1098 2214 Romanis
1123 2158 1223 2233 atque

176 2255 322 2320 evocatis
338 2273 441 2337 equos
456 2255 558 2318 sumit
573 2252 814 2336 Germanisque
829 2253 1006 2319 distribuit.

114 2367 160 2422 66
221 2358 362 2437 Interea,
397 2359 477 2422 dum
514 2357 595 2422 haec
633 2368 801 2442 geruntur,
838 2357 988 2421 hostium
1024 2357 1141 2440 copiae
1178 2379 1222 2421 ex
1236 2371 1352 2421 Thermo

178 2460 337 2525 Arvernis
366 2461 568 2545 equitesque,
597 2462 654 2543 qui
685 2461 749 2527 toti
779 2458 908 2526 Galliae
937 2472 1031 2526 erant
1061 2452 1372 2552 imperati,‡,‘,¹,{¹,¹,⁶{mr

149 2567 386 2630 2conveniunt.
430 2565 557 2650 Magno
571 2564 691 2630 horum
709 2575 825 2630 coacto
845 2584 993 2642 numero,
1008 2585 1083 2630 cum
1101 2563 1281 2630 caesareae

177 2670 211 2733 in
235 2668 408 2752 Sequanos
429 2688 489 2752 per
509 2679 679 2733 extremos
695 2668 884 2753 Lingonum
905 2667 985 2733 fines
1008 2668 1071 2732 iter
1091 2666 1221 2747 iaceret,
1234 2633 1344 2684 mother

177 2792 244 2855 quo
269 2772 396 2838 facilius
421 2773 602 2837 subsidium
632 2774 819 2856 provinciae
847 2772 921 2836 ferri
951 2782 1074 2856 posset,
1097 2772 1225 2838 circiter

149 2877 269 2950 smilia
294 2896 451 2960 passuum
478 2877 592 2941 decern
618 2878 662 2941 ab
690 2876 852 2941 Romanis
881 2877 975 2941 trinis
1004 2877 1117 2940 castris
1140 2876 1223 2941 Ver·
1235 2890 1376 2954 ehezgeot

175 2981 361 3063 cingetorix
375 2980 526 3045 consedit
541 2981 797 3061 convocatisque
807 2981 851 3045 ad
863 2980 1037 3045 concilium
1050 2979 1224 3063 praesectis
1236 2955 1367 3071 {Lssi‘fff

176 3085 326 3167 equitum
340 3083 469 3148 venisse
488 3094 621 3167 tempus
635 3083 793 3148 victoriae
813 3083 1028 3148 demonstrat.
1074 3084 1223 3167 ‘Fugere
1235 3086 1274 3136 his
1251 3084 1385 3203 ffiwslrt

148 3188 211 3262 4in
227 3187 431 3271 provinciam
449 3187 619 3253 Romanos
635 3186 811 3271 Galliaque
825 3189 997 3253 excedere
1042 3188 1083 3252 ld
1101 3187 1162 3250 sibi
1178 3188 1221 3251 ad
1234 3168 1251 3202 ⁰
1251 3150 1336 3203 noers

177 3301 384 3375 praesentem
400 3290 616 3356 obtinendam
632 3291 820 3356 libertatem
836 3292 916 3355 satis
934 3309 1026 3369 esse;
1048 3289 1092 3355 ad
1108 3289 1223 3373 reliqui

177 3395 336 3478 temporis
356 3414 472 3479 pacem
493 3406 595 3478 atque
616 3395 722 3459 otium
745 3414 862 3479 parum
886 3393 1021 3479 profici;
1045 3392 1223 3458 maioribus

178 3499 265 3561 enim
281 3498 404 3563 coactis
424 3499 528 3582 copiis
548 3518 733 3562 reversuros
753 3518 861 3580 neque
881 3497 981 3562 tinem
995 3495 1140 3563 bellandi
1155 3495 1222 3560 iac·

150 3623 163 3672 5
178 3611 278 3666 turos.
306 3601 446 3666 Proinde
459 3602 594 3683 agmine
608 3601 785 3685 impeditos
799 3600 1017 3664 adorirentur.
1045 3598 1082 3664 Si
1095 3599 1223 3682 pedites

178 3705 245 3769 suis
270 3703 432 3769 auxilium
456 3705 561 3768 serant
584 3715 685 3788 atque
711 3706 743 3767 in
768 3724 809 3768 eo
837 3713 1013 3781 morentur,
1035 3703 1096 3767 iter
1118 3702 1223 3767 iacere

178 3829 245 3874 non
267 3827 382 3893 possc;
405 3808 443 3888 si,
463 3808 496 3872 id
519 3809 609 3892 quod
633 3808 738 3892 magis
760 3806 906 3871 futurum
928 3805 1084 3886 confidat,
1101 3807 1222 3871 relictis

179 3946 243 4009 51).
278 3945 383 3996 Hewas
396 3960 466 3996 some
479 3944 582 3995 &tlon
594 3952 622 3994 to
633 3944 676 3995 the
760 3947 810 4004 μ.
823 3946 1220 3995 auovntortononnotmo.

178 4012 293 4062 dictator.
335 4010 386 4061 flu
407 4025 452 4061 sou
473 4008 564 4075 figures
585 4010 610 4059 iu
633 4011 676 4060 the
726 4009 832 4060 Brother
844 4018 872 4060 to
885 4010 964 4060 Galus
976 4009 1088 4060 veterius
1102 4009 1224 4061 Procillus

178 4076 318 4210 &ssszss
329 4076 357 4140 (i.
369 4077 394 4138 8,
407 4080 420 4137 ς
433 4078 460 4140 a)
476 4092 509 4127 on
524 4075 567 4127 tbe
581 4074 635 4127 side
649 4074 679 4126 oi
726 4076 755 4139 (i.
769 4089 806 4142 19,
821 4078 835 4135 ς
849 4089 870 4140 3,
884 4075 951 4141 dc).
