3234 5134
492 2846 759 2896 Snrrender

493 2913 550 2960 of
570 2912 770 2989 Vercin-

493 2986 698 3040 gelonx.

823 607 944 670 310
1519 597 1580 649 C.
1633 597 1823 648 IULII
1869 596 2245 650 CAESARIS
2714 596 2822 662 [Β.
2854 607 2912 644 ι-

826 763 892 828 in
938 761 1202 847 proeliis
1246 761 1342 826 uti
1387 769 1752 833 consuerat,
1780 759 2144 843 turmisque
2191 758 2489 842 equitum
2529 769 2598 822 et
2633 757 2912 823 cohorti-

825 868 949 933 bus
976 866 1147 943 visis,
1175 885 1341 948 quas
1370 886 1444 930 se
1482 864 1670 947 sequi
1712 864 2003 941 iusserat,
2032 874 2103 928 ut
2143 862 2233 927 de
2267 861 2433 928 loeis
2471 862 2912 944 superioribus

824 971 989 1035 haec
1034 968 1315 1036 declivia
1367 977 1442 1034 et
1493 969 1755 1034 devexa
1813 968 2264 1044 cernebantur,
2307 967 2536 1033 hostes
2594 965 2913 1049 proelium

824 1073 1272 1138 committunt.
1363 1072 1720 1155 Utrimque
1761 1070 2050 1136 clamore
2091 1069 2356 1137 sublato
2399 1071 2650 1153 excipit
2695 1091 2917 1134 rursus
2940 1088 2964 1121 2

824 1198 914 1242 ex
963 1176 1141 1243 vallo
1191 1188 1394 1260 atque
1444 1176 1754 1240 omnibus
1800 1175 2278 1240 munitionibus
2328 1174 2597 1241 clamor.
2687 1175 2915 1238 Nostri
2940 1188 2966 1234 3

824 1281 1085 1346 omissis
1124 1280 1273 1366 pilis
1312 1280 1550 1364 gladiis
1591 1300 1731 1345 rem
1771 1288 2028 1363 gerunt.
2118 1279 2423 1362 Repente
2461 1288 2616 1361 post
2652 1288 2915 1360 tergum

824 1384 1155 1468 equitatus
1173 1385 1459 1449 cernitur
1483 1405 1499 1463 ;
1538 1383 1844 1449 cohortes
1864 1383 2034 1449 aliae
2050 1383 2608 1467 appropinquant.
2667 1383 2917 1447 Hostes

823 1498 1012 1573 terga
1039 1499 1305 1555 vertunt
1330 1510 1345 1567 ;
1390 1488 1796 1573 fugientibus
1824 1489 2083 1571 equites
2112 1499 2475 1553 occurrunt.
2532 1486 2645 1551 Fit
2674 1507 2917 1570 magna

821 1594 1075 1658 caedes.
1163 1592 1488 1670 Sedulius,
1531 1593 1676 1656 dux
1719 1601 1789 1657 et
1840 1593 2142 1675 princeps
2190 1592 2637 1670 Lemovicum,
2676 1592 2920 1656 occidi·
2939 1610 2968 1655 4

823 1708 968 1773 tur3
1031 1695 1682 1762 Vercassivellaunus
1744 1695 2082 1761 Arvernus
2137 1696 2324 1761 vivus
2388 1697 2456 1761 in
2517 1695 2678 1779 fuga
2739 1716 2917 1761 com·

824 1800 1289 1885 prehenditur;
1362 1799 1549 1882 signa
1610 1799 1918 1865 militaria
1981 1802 2404 1884 septuaginta
2460 1810 2779 1882 quattuor
2835 1800 2915 1864 ad

827 1904 1178 1970 Caesarem
1225 1902 1630 1978 referuntur3
1689 1905 1881 1987 pauci
1927 1923 2018 1967 ex
2061 1913 2253 1969 tanto
2297 1924 2572 1968 numero
2620 1922 2695 1967 se
2746 1903 2915 1968 inco-

825 2009 1037 2073 lumes
1067 2009 1134 2072 in
1162 2016 1380 2072 castra
1408 2006 1742 2091 recipiunt.
1832 2005 2214 2092 Conspicati
2243 2027 2334 2071 ex
2367 2007 2620 2090 oppido
2647 2008 2914 2072 medem
2938 2020 2962 2067 5

824 2122 892 2176 et
922 2112 1150 2194 fugam
1178 2130 1446 2176 suorum
1477 2112 1832 2194 desperata
1860 2111 2075 2177 salute
2102 2111 2329 2194 copias
2367 2132 2409 2176 a
2443 2112 2914 2177 munitionibus

827 2217 1167 2281 reducunt.
1258 2215 1367 2280 Fit
1413 2215 1712 2298 protinus
1763 2214 1888 2279 hac
1940 2236 2010 2280 re
2060 2216 2292 2280 audita
2344 2237 2435 2280 ex
2486 2215 2720 2280 castris
2763 2214 2912 2279 Gal·

827 2320 1038 2384 lorum
1082 2320 1259 2403 fuga.
1350 2317 1552 2402 Quod
1606 2319 1729 2384 nisi
1773 2319 2018 2384 crebris
2063 2319 2374 2385 subsidiis
2416 2340 2494 2384 ac
2538 2320 2745 2384 totius
2787 2320 2911 2383 diei
2935 2331 2963 2378 ⁶

827 2424 1053 2489 labore
1122 2424 1364 2489 milites
1428 2433 1650 2488 essent
1718 2425 1980 2502 defessi,
2036 2445 2266 2490 omnes
2334 2424 2626 2489 hostium
2691 2424 2915 2508 copiae

826 2528 1030 2593 deleri
1092 2527 1477 2611 potuissent.
1589 2527 1698 2593 De
1756 2528 1978 2592 media
2035 2537 2230 2593 nocte
2293 2529 2530 2594 missus
2590 2528 2915 2610 equitatus
2940 2545 2964 2594 7

827 2631 1257 2697 novissimum
1281 2650 1523 2714 agmen
1542 2631 2001 2715 consequitur:
2030 2652 2311 2716 magnus
2336 2652 2645 2697 numerus
2667 2632 2916 2715 capitur

827 2747 1028 2819 atque
1058 2734 1482 2813 interficitur3
1528 2734 1760 2818 reliqui
1792 2757 1882 2799 ex
1910 2735 2068 2819 fuga
2097 2737 2165 2801 in
2193 2737 2490 2803 civitates
2520 2737 2877 2801 discedunt.

919 2839 1194 2904 Postero
1215 2839 1324 2903 die
1340 2837 1848 2922 Vercingetorix
1872 2840 2150 2904 concilio
2173 2850 2538 2906 convocato
2555 2841 2654 2905 ‘id
2671 2840 2913 2904 bellum
2944 2853 3013 2906 80

828 2962 902 3009 se
948 2943 1313 3026 suscepisse
1359 2962 1488 3006 non
1537 2962 1807 3007 suarum
1857 2944 2341 3026 necessitatum,
2386 2945 2503 3008 sed
2552 2944 2915 3009 communis

829 3045 1150 3111 libertatis
1209 3066 1407 3110 causa
1430 3043 1444 3068 '
1486 3046 1917 3126 demonstrat,
1961 3051 2067 3113 ‘et
2116 3049 2427 3131 quoniam
2480 3048 2563 3113 sit
2620 3047 2918 3112 fortunae

834 3151 1217 3225 cedendum,
1259 3150 1346 3214 ad
1394 3159 1744 3233 utramque
1786 3171 1927 3216 rem
1970 3171 2044 3217 se
2087 3150 2216 3216 illis
2259 3149 2513 3228 offerre,
2547 3171 2667 3216 seu
2713 3161 2917 3215 morte
2944 3167 2965 3201 ³

834 3278 946 3318 sua
986 3253 1301 3318 Humanis
1339 3254 1714 3320 satisfacere
1740 3274 1859 3320 seu
1889 3255 2111 3320 vivum
2143 3257 2406 3320 tradere
2433 3253 2680 3321 velint!
2766 3255 2916 3319 Mit·
2943 3273 2969 3321 3

834 3374 1054 3422 tumtur
1106 3360 1189 3423 de
1237 3357 1339 3422 his
1399 3359 1593 3423 rebus
1644 3360 1732 3424 ad
1781 3358 2135 3424 Caesarem
2181 3360 2403 3444 legati.
2494 3360 2691 3424 Iubet
2737 3379 2919 3424 arma

834 3466 1014 3526 tradi,
1056 3461 1376 3544 principes
1419 3463 1716 3544 produci.
1808 3463 1963 3547 Ipse
2005 3463 2072 3527 in
2122 3465 2486 3529 munitione
2529 3485 2650 3547 pro
2693 3464 2918 3528 castris
2943 3478 2969 3520 ⁴

834 3566 1165 3644 mus-edin
1209 3585 1292 3628 eo
1325 3567 1531 3632 duces
1572 3567 2066 3650 producuntur;
2109 3568 2616 3653 Vercingetorix
2643 3568 2918 3644 deditur,

834 3694 1014 3730 arma
1078 3669 1502 3750 proiciuntur.
1595 3671 1977 3738 Reservatis
2028 3670 2288 3738 Aeduis
2336 3684 2539 3756 atque
2587 3671 2967 3748 Arvernis&

838 3778 882 3834 εἰ
938 3798 1046 3854 per
1094 3793 1206 3838 cos
1250 3773 1550 3839 civitates
1596 3795 1980 3860 recuperare
2031 3787 2274 3861 posset,
2319 3797 2408 3842 ex
2461 3777 2728 3861 reliquis
2769 3797 2920 3858 mp-

838 3930 1026 3978 geltmg
1062 3917 1185 3968 tired
1222 3918 1282 3967 of
1312 3918 1530 3969 detailed
1568 3920 1826 3971 narrative.
1929 3920 2065 3971 close
2098 3920 2222 3971 with
2256 3921 2341 3972 the
2379 3922 2655 3973 ebnncten
2686 3921 2920 3986 grouped.

842 3984 1315 4046 maharu-samu„
1339 3985 1437 4035 fact
1460 3987 1829 4050 manyeircnm-
1929 4002 1986 4037 as
2024 3988 2062 4037 it
2098 4002 2242 4049 vere,
2278 3988 2436 4037 round
2479 3985 2705 4038 Cae-1⁹⁵
2747 3986 2920 4037 seuiet

837 4062 1022 4094 simut-5
1066 4057 1187 4098 must
1220 4048 1347 4099 δικ
1378 4051 1502 4101 been
1535 4052 1745 4102 omitted
1774 4051 1826 4101 in
1926 4051 2109 4103 dealt?

838 4114 930 4162 [tiis
966 4114 1106 4174 rapaci
1138 4114 1239 4164 and
1267 4116 1540 4167 mint
1565 4117 1827 4168 the-tried
