3234 5134
377 789 435 855 sed
463 786 596 870 paribus
625 785 832 852 intermissae
856 787 972 871 spatiis
997 785 1147 872 singulae
1172 783 1308 867 singulis
1333 785 1436 849 saxis

376 889 551 956 interiectis
575 898 647 954 arte
669 891 910 955 contineantur.
955 888 1012 955 Sic
1036 891 1194 974 deinceps
1216 908 1317 954 omne
1341 894 1468 969 opus⁴

378 992 573 1069 contexitur,
604 993 684 1056 dum
715 994 801 1059 iusta
832 996 915 1059 muri
944 995 1087 1060 altitudo
1115 993 1300 1077 expleatur.
1348 991 1465 1056 Hocs

377 1117 453 1163 cum
479 1097 512 1160 in
538 1099 681 1180 speciem
705 1097 969 1181 varietatemque
995 1118 1080 1182 opus
1106 1095 1256 1162 deforme
1282 1115 1351 1159 non
1375 1106 1436 1160 est

376 1200 510 1265 alternis
525 1200 674 1265 trabibus
689 1221 728 1265 ac
743 1202 844 1275 saxis,
859 1221 945 1285 quae
965 1203 1060 1267 rectis
1081 1202 1174 1265 lineis
1193 1220 1271 1264 suos
1290 1199 1435 1264 ordines

377 1314 519 1382 servant,
534 1316 607 1370 tum
628 1307 671 1370 ad
692 1305 868 1369 utilitatem
890 1313 926 1369 et
941 1304 1167 1371 defensionem
1187 1305 1316 1368 urbium
1334 1322 1432 1366 sum-

377 1429 466 1473 mam
490 1408 591 1474 habet
616 1409 911 1493 opportunitatem,
933 1411 1024 1492 quod
1047 1420 1080 1474 et
1102 1410 1145 1474 ab
1167 1407 1317 1472 incendio
1341 1406 1432 1488 lapis

378 1520 414 1576 et
436 1512 481 1577 ab
505 1512 607 1576 ariete
631 1513 770 1577 materia
793 1509 951 1591 defendit,
974 1533 1060 1596 quae
1082 1512 1251 1595 perpetuis
1271 1510 1432 1575 trabibus

377 1617 480 1701 pedes
501 1617 732 1700 quadragenos
754 1615 949 1700 plerumque
971 1617 1129 1682 introrsus
1151 1615 1295 1680 revincta
1314 1634 1431 1697 neque

376 1721 544 1805 perrumpi
559 1740 667 1803 neque
681 1719 819 1784 distrahi
834 1729 954 1801 potest

209 1840 317 1889 rhene
423 1825 488 1888 His
517 1834 569 1890 tot
598 1825 695 1888 rebus
725 1824 886 1906 impedita
913 1823 1161 1907 oppugnatione
1191 1822 1319 1900 milites,
1346 1841 1428 1886 cum
1442 1826 1487 1880 at

209 1906 341 1981 ’ΨΜ
377 1939 450 1994 toto
476 1938 628 2012 tempore
654 1927 775 2010 frigore
799 1937 835 1992 et
857 1928 997 1993 assiduis
1022 1927 1180 1991 imbribus
1205 1927 1429 2001 tardarentur,

210 2037 306 2086 Roman
378 2044 492 2098 tamen
521 2032 702 2096 continenti
733 2031 847 2097 labore
876 2032 988 2095 omnia
1017 2031 1098 2097 haec
1127 2040 1364 2114 superaverunt
1389 2042 1429 2094 et

207 2103 350 2218 ffissnd
378 2137 496 2201 diebus
526 2149 605 2199 xxv
630 2154 787 2219 aggerem
816 2130 953 2223 [latum]
980 2137 1083 2218 pedes
1108 2147 1257 2199 cccxxx
1281 2132 1429 2215 longum,

208 2234 360 2285 detensium
376 2240 481 2305 altum
520 2240 623 2322 pedes
659 2252 761 2302 Lxxx
799 2248 1045 2304 exstruxerunt.
1099 2238 1233 2303 Cum
1223 2258 1252 2301 rs
1292 2257 1458 2301 murums

208 2301 279 2364 ”Hy
376 2344 522 2409 hostium
553 2363 660 2425 paene
688 2343 905 2427 contingeret,
936 2352 970 2407 et
999 2342 1122 2408 Caesar
1150 2341 1193 2406 ad
1230 2361 1314 2424 opus
1343 2360 1426 2405 con-

376 2449 549 2513 suetudine
585 2446 767 2512 excubaret
801 2446 989 2530 militesque
1021 2446 1218 2519 hortaretur,
1251 2465 1294 2509 ne
1330 2446 1426 2527 quod

376 2553 514 2617 omnino
542 2562 676 2634 tempus
704 2549 748 2616 ab
778 2571 878 2634 opere
906 2551 1188 2628 intermitteretur,
1214 2548 1313 2632 paulo
1343 2558 1427 2613 ante

376 2658 510 2722 tertiam
542 2656 690 2740 vigiliam
721 2667 772 2720 est
800 2656 1067 2722 animadversum
1101 2653 1227 2718 fumare
1256 2673 1425 2737 aggerem,

376 2781 475 2843 quem
498 2760 648 2824 cuniculo
668 2759 781 2823 hostes
800 2760 1048 2835 succenderant,
1068 2761 1253 2841 eodemque
1272 2768 1458 2840 tempores

374 2872 449 2928 toto
479 2883 574 2927 muro
604 2862 746 2926 clamore
773 2864 906 2928 sublato
932 2862 1062 2927 duabus
1085 2863 1189 2946 portis
1213 2862 1256 2926 ab
1282 2871 1426 2943 utroque

375 2966 478 3031 latere
501 2967 639 3030 turrium
662 2969 793 3049 eruptio
815 2966 927 3032 fiebat.
972 2967 1041 3031 Alii
1062 2967 1150 3031 faces
1172 2976 1274 3049 atque
1296 2965 1458 3030 aridam4

376 3070 547 3135 materiem
567 3071 610 3134 de
630 3089 724 3135 muro
744 3071 777 3133 in
798 3091 955 3155 aggerem
974 3071 1102 3135 eminus
1121 3071 1293 3148 iaciebant,
1314 3069 1424 3150 picem

375 3175 582 3259 reliquasque
604 3194 664 3249 res,
685 3175 805 3257 quibus
826 3176 911 3259 ignis
931 3175 1067 3240 excitari
1088 3184 1208 3259 potest,
1229 3173 1426 3250 fundebant,

374 3291 419 3357 ut,
433 3298 500 3362 quo
516 3278 658 3363 primum
674 3288 859 3341 curreretur
876 3288 933 3342 aut
953 3279 1007 3342 cui
1027 3279 1073 3342 rei
1093 3277 1230 3342 ferretur
1249 3276 1424 3353 auxilium,

373 3384 432 3447 vix
455 3383 539 3447 ratio
562 3382 633 3445 iniri
656 3390 778 3464 posset.
825 3381 964 3462 Tamen,
984 3383 1075 3466 quod
1098 3382 1249 3446 instituto
1272 3381 1454 3446 Caesariss

374 3508 505 3571 semper
524 3487 611 3550 duae
632 3485 777 3569 legiones
797 3506 860 3568 pro
880 3487 995 3551 castris
1014 3485 1225 3550 excubabant
1248 3483 1426 3569 pluresque

376 3590 505 3673 partitis
528 3590 731 3674 temporibus
751 3599 847 3654 erant
867 3590 901 3653 in
922 3610 1032 3672 opere,
1045 3589 1196 3654 celeriter
1216 3588 1341 3653 factum
1361 3600 1424 3666 est,

374 3851 494 3900 omission
514 3853 567 3901 of‘
574 3850 666 3902 latum’
623 3784 874 3901 ]‚lopfufflm
922 3784 1037 3916 33³1?st
1071 3784 1425 3928 iporipluacqmdingttzpetsper

374 3916 424 3965 of‘
431 3915 549 3980 longum
559 3917 689 3967 ismade
682 3932 707 3965 in
725 3916 876 3967 defisnoeoi
924 3916 1253 3967 rstdeclension.Bnt1n
1270 3917 1311 3967 Af.
1325 3929 1363 3975 ao,
1380 3922 1422 3979 §3

401 3784 665 3851 24.§1.[]..lstnm

373 3981 415 4031 the
437 3980 510 4030 MSS.
533 3996 566 4031 on
586 3983 697 4047 grounds
718 3983 748 4031 oi
766 3980 871 4033 intemni
922 3997 959 4032 we
975 3982 1059 4032 heve‘
1068 3981 1206 4043 materiem,
1207 3979 1297 4032 ''and
1289 3998 1316 4032 ιιι
1330 3981 1366 4032 Η.
1378 3995 1422 4045 4ι,

373 4046 535 4112 probability
922 4050 985 4112 Η(
993 4045 1121 4099 materies?

407 4116 464 4176 54.
488 4115 642 4162 materiem.
708 4112 869 4178 Everywbere

376 614 438 677 266
724 624 753 674 c.
778 623 874 675 ιυιιι
896 622 1086 677 caesareis
1322 623 1386 689 [aa.
1401 639 1443 688 3-

1588 2432 1589 2471 l

1588 2474 1589 2523 l
