3234 5134
435 627 489 680 ms
511 629 634 682 samo
659 628 827 682 caturco.
879 627 950 680 ans.
980 629 1020 680 vr
1192 635 1251 697 207

171 798 189 855 1
246 793 395 859 MULTIS
421 794 465 859 de
489 796 596 860 causis
623 794 748 861 Caesar
773 796 932 861 maiorem
959 795 1089 862 Galliae
1119 804 1248 860 motum
1262 797 1354 847 ciem

202 908 399 982 exspectans
428 919 488 983 per
521 899 674 964 Marcum
712 898 873 978 Silanum,
906 898 1027 965 Gaium
1060 899 1248 965 Antistium
1260 876 1389 978 ffiss'ffi

203 1003 380 1086 Reginum,
395 1002 511 1068 Titum
526 1002 682 1069 Sextium
697 1002 826 1087 legatos
841 1001 1005 1069 delectum
1020 1005 1143 1070 habere
1157 1005 1247 1070 insti·
1261 992 1338 1107 ἓξὲξ
1348 994 1374 1040 1¹¹

175 1122 189 1160 ²
203 1107 268 1172 tuit
281 1128 288 1185 ;
312 1106 410 1171 simul
425 1108 470 1172 ab
485 1105 581 1172 Gneo
597 1106 756 1190 Pompeio
771 1107 967 1190 proconsule
982 1108 1075 1191 petit,
1090 1109 1248 1193 quoniam

204 1212 275 1295 ipse
290 1212 334 1276 ad
350 1210 465 1276 urbem
480 1231 556 1277 cum
569 1211 707 1293 imperio
719 1210 765 1275 rei
781 1211 934 1293 publicae
945 1231 1044 1276 causa
1058 1222 1250 1288 remaneret,

203 1322 298 1398 quos·
304 1335 349 1378 ex
364 1314 534 1399 Cisalpina
555 1313 664 1380 Gallia
679 1314 821 1379 consulis
840 1326 1046 1381 sacramento
1060 1317 1251 1400 rogavisset,

174 1420 247 1485 aad
271 1420 365 1503 signa
393 1418 570 1484 convenire
592 1428 626 1483 et
652 1418 695 1482 ad
721 1438 757 1483 se
783 1416 944 1501 proficisci
976 1419 1112 1497 iuberet,
1129 1422 1250 1505 magni

204 1524 361 1588 interesse
376 1523 477 1587 etiam
493 1523 526 1586 in
542 1521 704 1606 reliquum
715 1534 849 1606 tempus
859 1523 903 1587 ad
918 1523 1110 1605 opinionem
1121 1524 1250 1589 Galliae

205 1627 401 1693 existimans
426 1637 537 1693 tantas
561 1626 664 1692 videri
700 1626 816 1691 ltaliae
839 1625 1022 1706 facultates,
1045 1638 1092 1707 ut,
1117 1629 1144 1691 si
1169 1630 1250 1712 quid

204 1740 291 1797 essct
313 1732 347 1796 in
367 1730 455 1796 bello
477 1731 666 1797 detrimenti
688 1739 872 1815 acceptum,
888 1751 955 1794 non
979 1732 1081 1795 modo
1103 1730 1136 1796 id
1159 1733 1249 1797 brevi

206 1846 356 1920 tempore
388 1836 541 1909 resarciri,
572 1835 630 1900 sed
660 1835 762 1900 etiam
799 1835 977 1900 maioribus
1005 1836 1118 1918 augeri
1147 1837 1251 1919 copiis

175 1947 327 2023 4posset.
372 1938 473 2022 Quod
488 1959 564 2005 cum
580 1939 758 2025 Pompeius
776 1948 811 2003 et
826 1939 1024 2023 reipublicae
1039 1948 1073 2003 et
1088 1940 1252 2005 amicitiae

205 2043 382 2122 tribuisset,
398 2042 546 2107 celeriter
563 2042 714 2109 confecto
732 2063 792 2126 per
805 2064 883 2108 suos
902 2043 1032 2109 delectu
1054 2043 1159 2109 tribus
1174 2053 1252 2109 ante

206 2155 362 2212 exactam
388 2146 532 2211 hiemem
558 2157 593 2211 et
617 2147 803 2213 constitutis
832 2158 866 2213 et
888 2148 1040 2213 adductis
1068 2147 1253 2231 legionibus

206 2250 442 2334 duplicatoque
470 2270 583 2314 earum
616 2250 802 2316 cohortium
831 2271 978 2328 numero,
1004 2272 1087 2336 quas
1110 2273 1186 2318 cum
1211 2250 1252 2335 Q.

206 2354 336 2418 Titurio
366 2354 529 2429 amiserat,
559 2364 593 2419 et
623 2354 790 2421 celeritate
822 2363 856 2419 et
888 2356 992 2438 copiis
1023 2356 1146 2435 docuit,
1171 2357 1251 2441 quid

207 2457 322 2542 populi
345 2457 490 2522 Romani
512 2458 687 2541 disciplina
709 2468 810 2542 atque
832 2480 913 2542 opes
934 2469 1079 2543 possent.

173 2570 194 2625 2
254 2561 431 2626 interfecto
453 2561 693 2641 Indutiomaro,
708 2572 744 2625 ut
764 2562 947 2639 docuimus,
962 2564 1005 2628 ad
1026 2564 1096 2628 eius
1117 2565 1253 2647 propin-

209 2684 293 2749 quos
329 2685 349 2728 a
385 2664 538 2728 Treveris
575 2665 749 2747 imperium
786 2665 943 2730 defertur.
1004 2666 1055 2730 Illi
1093 2666 1253 2732 finitimos

209 2766 393 2833 Germanos
408 2768 584 2833 sollicitare
599 2777 633 2833 et
648 2768 822 2852 pecuniam
837 2769 982 2851 polliceri
998 2790 1064 2835 non
1079 2772 1252 2837 desistunt.

180 2870 297 2937 neum
333 2894 354 2938 a
390 2872 553 2956 proximis
589 2873 766 2955 impetrare
802 2893 869 2937 non
906 2884 1050 2957 possent,
1083 2875 1253 2941 ulteriores

207 2986 383 3061 temptant.
440 2976 588 3042 Inventis
621 2975 785 3043 nonnullis
822 2977 1009 3045 civitatibus
1046 2980 1253 3045 iureiurando

207 3081 294 3146 inter
323 3101 360 3147 se
382 3080 576 3146 confirmant
601 3081 838 3165 obsidibusque
868 3082 911 3146 de
944 3084 1082 3165 pecunia
1114 3094 1253 3160 cavent;

240 3273 264 3318 1.
289 3272 302 3327 5
327 3280 349 3318 2.
375 3270 501 3318 commu
523 3272 704 3318 momento.
756 3265 841 3318 Gaul‘
873 3267 1056 3329 Seeii.8,§1.

208 3333 342 3398 Pompeius
357 3332 410 3382 had
426 3335 487 3384 been
506 3333 594 3385 consul
610 3334 648 3383 lor
664 3332 708 3384 the
787 3336 893 3393 euceri.
933 3334 998 3384 This
1023 3334 1094 3384 word
1121 3334 1183 3384 does
1210 3345 1254 3384 not

209 3397 301 3449 second
320 3398 380 3449 time
398 3399 424 3448 in
443 3410 499 3466 sc.
519 3414 558 3465 55.
593 3399 636 3449 He
655 3414 708 3449 was
754 3415 822 3449 seem
844 3406 874 3449 to
895 3400 926 3450 be
947 3415 1006 3463 very
1027 3398 1133 3464 happily
1155 3400 1254 3450 chonen

208 3464 257 3513 assi
293 3463 477 3530 edtheSpains
492 3481 520 3514 ss
534 3464 707 3530 bisprovince,
755 3465 804 3514 We
815 3473 882 3515 must
892 3463 980 3515 render
990 3466 1010 3514 it
1023 3463 1211 3529 ‘outweighed’

209 3529 256 3579 but
284 3529 510 3593 egovemedthem
519 3529 707 3594 byproxy,and
788 3533 841 3594 54.
859 3533 1007 3581 amiottlse.
1044 3530 1092 3594 Cp.
1104 3531 1145 3579 vii.
1162 3529 1187 3591 6,
1207 3535 1250 3590 ξι

209 3593 313 3645 himself
325 3595 449 3644 remaneo
464 3604 490 3645 at
501 3596 583 3645 Rome
595 3595 659 3644 alter
669 3593 709 3644 his
756 3596 794 3644 lor
817 3596 860 3646 the
878 3596 947 3659 good
968 3596 1086 3646 relations
1105 3595 1158 3645 still
1176 3595 1254 3646 main·

209 3659 361 3724 consulship,
382 3658 475 3724 having
502 3661 545 3711 the
569 3676 658 3711 excuse
683 3659 713 3709 ol
755 3659 1181 3724 tained,ostcnsiblyatallevents,
1193 3662 1253 3713 with

209 3725 285 3790 being
299 3725 325 3773 in
340 3724 430 3790 charge
448 3724 476 3774 of
489 3725 533 3776 the
547 3725 709 3789 comsupply
755 3726 876 3790 Pompcy.

211 3791 257 3855 (D.
271 3790 302 3840 C.
318 3791 400 3842 xxxix.
417 3803 463 3856 393
482 3791 536 3841 Cic.
555 3789 588 3838 nd
605 3791 659 3839 Att.
676 3789 709 3838 iv.
790 3793 1000 3850 duplicatoque,
1029 3795 1076 3842 tro.
1118 3794 1142 3841 Α
1168 3792 1253 3859 legion

212 3861 261 3917 με
280 3857 315 3920 7).
349 3856 412 3905 This
426 3855 603 3920 maybewhat
618 3856 710 3905 Caesar
756 3856 806 3905 aad
826 3854 874 3905 five
896 3855 997 3906 cohorts
1018 3857 1053 3918 (v.
1075 3872 1087 3906 a
1107 3893 1114 3918 ,
1134 3863 1147 3918 ξ
1167 3862 1205 3925 4),
1225 3876 1254 3909 or

209 3923 284 3973 refers
300 3930 328 3972 to
344 3922 370 3971 in
387 3921 430 3972 the
444 3921 527 3971 words
543 3920 709 3984 ‘reipublicae
756 3920 872 3985 alegion
889 3920 939 3970 and
953 3937 968 3970 a
984 3920 1073 3982 balth
1123 3923 1253 3977 beenlost

208 3985 300 4040 censa'
756 3986 834 4036 under
852 3985 958 4036 Sabinus
977 3988 1026 4037 and
1046 3988 1128 4039 Cotta
1162 3990 1254 4041 Caesar

244 4058 293 4117 53.
310 4056 347 4103 ad
358 4055 521 4111 opinionem
533 4053 653 4111 Gallias,
666 4054 709 4101 ‘as
756 4067 814 4101 now
824 4051 934 4130 supplies
948 4052 1012 4104 their
1026 4054 1098 4121 place
1108 4054 1169 4106 with
1185 4057 1254 4107 three

209 4117 520 4186 regardstheimprcssion
536 4117 708 4184 producedon
757 4117 822 4170 fresh
833 4118 938 4186 legions.
