3234 5134
181 631 229 681 so.
241 626 270 694 3]
408 626 463 678 ua
483 624 1010 680 astaocattrco.tra.v11
1172 615 1234 697 ²⁸³

183 789 343 856 exaudito
370 787 524 868 clamore,
551 788 630 854 inde
658 789 760 853 etiarn
790 787 914 854 crebris
943 786 1067 853 nuntiis
1094 787 1232 863 incitati,
1244 793 1348 848 nudus

182 893 344 978 oppidum
360 913 380 957 a
396 892 557 959 Romanis
577 892 691 971 teneri,
706 890 897 976 praemissis
917 891 1085 974 equitibus
1107 912 1231 976 magno
1244 861 1296 929 ⁶²¹²
1243 869 1395 994 Qiffi,

155 1016 343 1062 aconcursu
368 1017 409 1062 eo
434 997 683 1062 contenderunt
730 996 856 1061 Eorum
881 1004 918 1060 ut
941 996 1080 1079 quisque
1106 996 1231 1077 primus
1243 943 1362 1045 Romam

183 1112 328 1177 venerat,
351 1101 412 1167 sub
437 1121 533 1166 muro
559 1099 760 1167 consistebat
784 1120 985 1184 suorumque
1011 1100 1231 1184 pugnantium

154 1226 169 1274 ³
183 1225 353 1270 numerum
369 1205 520 1290 augebat
563 1203 715 1288 Quorum
730 1224 806 1270 curn
822 1223 944 1289 magna
959 1204 1140 1270 multitudo
1155 1225 1233 1269 con·

183 1306 335 1384 venisset
360 1304 636 1383 matresfamiliae,
661 1324 748 1387 quae
773 1303 875 1387 paulo
898 1313 977 1368 ante
1004 1303 1164 1371 Romanis
1191 1306 1234 1370 de

184 1430 279 1475 muro
302 1429 420 1476 manus
441 1409 635 1490 tendebant,
652 1428 732 1474 suos
753 1406 912 1474 obtestari
935 1417 969 1473 et
992 1428 1083 1473 more
1106 1406 1234 1485 Gallico

184 1533 318 1598 passum
333 1514 489 1598 capillum
500 1522 667 1580 ostentare
682 1513 870 1597 liberosque
883 1513 1141 1595 inconspectum
1157 1533 1233 1598 pro·

155 1616 271 1687 sierre
295 1628 485 1701 coeperunt.
531 1617 614 1683 Erat
639 1618 801 1683 Romanis
822 1636 884 1682 nec
906 1616 983 1681 loco
1009 1636 1070 1682 nec
1096 1637 1234 1682 numero

185 1742 292 1805 aequa
307 1724 498 1798 contentio;
519 1721 618 1787 simul
634 1732 667 1787 et
681 1742 778 1787 cursu
793 1731 829 1787 et
843 1720 952 1805 spatio
967 1740 1101 1804 pugnae
1118 1720 1233 1785 defati-

185 1827 255 1910 gati
271 1847 337 1891 non
353 1825 448 1892 facile
463 1836 611 1891 recentes
626 1840 724 1908 atque
739 1825 886 1908 integros
900 1825 1118 1890 sustinebant.

122 1950 166 2002 49
230 1927 363 2013 Caesar,
385 1950 460 1995 cum
482 1931 594 2013 iniquo
616 1929 691 1995 loco
717 1929 858 2014 pugnari
883 1928 1095 2012 hostiumque
1120 1928 1232 2012 augeri
1245 1942 1337 1994 erem

184 2034 299 2118 copias
329 2035 466 2110 videret,
495 2042 725 2117 praemetuens
754 2034 822 2098 suis
849 2033 894 2097 ad
924 2030 1040 2097 Titum
1079 2032 1233 2099 Sextium
1245 2016 1359 2126 Q„

187 2139 342 2223 legatum,
365 2157 465 2221 quem
499 2137 679 2201 minoribus
709 2137 826 2202 castris
855 2137 1020 2221 praesidio
1050 2137 1235 2220 reliquerat,

187 2242 283 2322 misit,
306 2250 345 2306 ut
369 2239 522 2306 cohortes
546 2260 591 2304 ex
614 2241 730 2305 castris
753 2239 904 2305 celeriter
932 2241 1089 2306 educeret
1111 2251 1147 2306 et
1172 2243 1235 2307 sub

159 2373 171 2407 a
187 2347 303 2410 intimo
318 2344 403 2411 colle
418 2344 461 2409 ab
480 2346 603 2410 dextro
618 2344 721 2409 latere
738 2343 885 2409 hostium
904 2346 1130 2425 constitueret,
1145 2355 1192 2427 ut,
1207 2346 1235 2411 si

187 2458 318 2514 nostros
340 2451 414 2516 loco
435 2448 593 2532 depulsos
612 2448 760 2529 vidisset,
777 2467 845 2530 quo
868 2447 976 2512 minus
998 2448 1103 2513 libere
1122 2449 1235 2517 hostes

159 2552 442 2637 sinsequerentun
468 2561 614 2618 terreret.
660 2551 738 2634 Ipse
764 2550 903 2634 paulum
928 2571 973 2616 ex
998 2572 1039 2617 eo
1063 2553 1137 2619 loco
1159 2574 1234 2622 curu

187 2658 318 2741 legione
354 2677 555 2742 progressus,
586 2655 643 2720 ubi
677 2655 882 2736 constiterat,
911 2667 1067 2721 eventum
1104 2679 1235 2745 pugnae

345 2761 413 2828 bat.

125 2885 170 2939 50
186 2773 502 2932 e'‘scpriiismacerrime
524 2864 708 2931 comminus
731 2871 940 2948 pugnaretur,
961 2863 1075 2932 hostes
1103 2865 1175 2935 ioco
1198 2878 1319 2940 eim

187 2990 334 3049 numero,
358 2971 464 3036 nostri
491 2969 613 3034 virtute
640 2966 852 3047 oonfiderent,
876 2969 985 3036 subito
1013 2979 1091 3038 sunt
1119 2972 1231 3040 Aedui
1242 2954 1395 3089 ffmz

187 3077 248 3140 visi
239 3076 306 3140 ab
322 3075 427 3141 latere
437 3074 557 3139 nostris
571 3082 697 3158 aperto,
708 3091 792 3154 quos
808 3069 931 3139 Caesar
944 3073 988 3140 ab
1003 3077 1122 3144 dextra
1136 3090 1323 3205 partem
1242 3103 1301 3139 ue
1310 3087 1389 3139 doe

163 3179 255 3247 salio
284 3198 421 3244 asceam
459 3197 577 3243 manus
607 3176 817 3242 distinendae
855 3196 955 3244 causa
984 3179 1125 3250 miserat
1180 3154 1323 3251 iiim

188 3282 402 3348 similitudine
415 3301 584 3346 armorum
600 3280 812 3347 vehementer
829 3291 959 3349 nostros
977 3296 1229 3370 pertenuem,

188 3408 228 3453 ac
251 3388 383 3453 tametsi
408 3386 536 3451 dextris
566 3385 685 3452 umeris
713 3385 853 3452 exsertis
880 3388 1226 3471 animadvertebam,

188 3493 279 3574 quod
294 3491 421 3576 ursigne
435 3502 590 3574 pacatum
605 3510 677 3557 esse
691 3502 873 3571 consuerat,
886 3504 998 3561 tamen
1012 3496 1045 3563 id
1058 3496 1163 3581 ipsun
1175 3498 1225 3564 ui

189 3594 324 3661 fallendi
347 3616 447 3662 causa
467 3595 588 3662 milites
610 3596 654 3660 ab
672 3594 823 3664 hostibus
844 3598 967 3667 iacnrm
982 3602 1220 3669 eximantur

162 3700 322 3775 3Eodem
351 3709 505 3783 ternpore
534 3700 656 3766 Lucius
686 3701 808 3769 Fabius
837 3708 979 3772 centurio
1006 3708 1126 3792 quique
1152 3724 1286 3779 mm

189 3824 319 3869 murum
343 3805 558 3871 ascenderant
582 3806 794 3875 circumventi
817 3820 916 3897 atque
942 3812 1099 3879 marsei
1121 3792 1341 3911 ηπ

221 4004 318 4052 inds-
323 3999 445 4051 ‘’deinde
764 4011 1138 4071 &Nunnium
1171 4023 1216 4073 a

223 4073 274 4130 33.
297 4069 512 4119 morsGsilioo.
550 4068 684 4135 valrat
734 4077 797 4136 fro.

189 4079 607 4201 uaidotrteeermnsintp,
621 4138 667 4201 ‘3-
