3234 5134
172 636 216 693 87.
230 635 259 703 7]
402 634 456 686 DE
478 635 602 689 BELLO
627 635 794 690 enemo.
847 636 916 690 ΗΒ.
947 639 999 692 1111
1162 647 1224 711 275

172 816 219 862 ex
233 795 348 863 castris
367 817 525 882 egressus,
540 799 730 884 priusquam
747 800 897 866 subsidio
911 820 957 866 ex
979 800 1106 887 oppido
1120 800 1224 866 veniri

175 909 299 985 posset,
317 901 448 968 deiecto
469 903 637 986 praesidio
658 904 785 987 potitus
805 903 880 969 loco
902 906 986 970 duas
1008 903 1054 970 ibi
1075 903 1225 988 legiones

174 1003 350 1070 collocavit
387 1005 573 1092 fossamque
609 1007 776 1093 duplicem
815 1008 1006 1075 duodenum
1044 1008 1168 1093 pedum
1204 1029 1225 1072 a

175 1108 354 1174 maioribus
390 1112 507 1177 castris
542 1112 587 1177 ad
627 1112 756 1177 minora
791 1111 960 1197 perduxit,
996 1123 1035 1178 ut
1069 1122 1146 1178 tuto
1181 1112 1225 1177 ab

174 1214 347 1296 repentino
387 1215 536 1281 hostium
571 1215 704 1282 incursu
745 1216 849 1282 etiam
886 1214 1005 1302 singuli
1040 1234 1226 1282 commeare

175 1326 321 1401 possent.

120 1427 161 1485 8⁷
219 1422 311 1487 Dum
341 1422 424 1489 haec
452 1425 497 1493 ad
527 1423 727 1509 Gergoviam
757 1432 925 1507 geruntur,
955 1423 1335 1490 Convictolitavisrrotu

174 1523 325 1604 Aeduus,
340 1528 393 1593 cui
407 1528 637 1613 magistratum
652 1529 878 1595 adiudicatum
894 1547 915 1593 a
931 1527 1073 1595 Caesare
1087 1531 1225 1594 demon·
1237 1499 1359 1615 ffld,

176 1631 362 1709 stravimus,
381 1631 575 1698 sollicitatus
596 1634 640 1699 ab
660 1632 822 1698 Arvernis
842 1631 982 1717 pecunia
999 1652 1074 1698 cum
1092 1632 1226 1715 quibus·
1238 1630 1355 1680 nomen

176 1732 255 1797 dam
282 1733 547 1802 adulescentibus
568 1737 789 1822 colloquitur;
812 1754 952 1821 quorum
978 1744 1051 1801 erat
1076 1735 1228 1819 princeps
1240 1696 1358 1747 Romans

178 1835 366 1903 Litaviccus
391 1848 493 1924 atque
522 1841 593 1906 eius
619 1839 745 1919 iratres,
775 1838 979 1925 amplissima
1008 1839 1130 1905 familia
1159 1839 1228 1904 nati

150 1940 416 2009 radulescentes.
458 1943 544 2011 Cum
560 1944 612 2008 bis
626 1945 811 2029 praemium
825 1945 1049 2010 communicat
1064 1942 1229 2009 hortatur-

150 2070 165 2119 3
179 2065 252 2127 que,
269 2057 306 2111 ut
321 2052 374 2113 ‘se
388 2047 512 2113 liberos
527 2057 562 2114 et
577 2049 715 2132 imperio
734 2057 831 2113 natos
851 2047 1071 2113 meminerint.
1116 2046 1228 2113 Unam

179 2169 252 2214 esse
288 2151 485 2216 Aeduorum
521 2151 700 2231 civitatem,
729 2172 815 2235 quae
850 2152 1067 2217 certissimam
1103 2150 1230 2216 Galliae

178 2254 352 2319 victoriam
375 2255 545 2333 detineat3
568 2255 637 2322 eius
662 2256 861 2322 auctoritate
886 2254 1029 2339 reliquas
1051 2254 1230 2330 contineri3

180 2376 248 2438 qua
267 2359 420 2424 traducta
442 2358 551 2427 locum
574 2359 775 2425 consistendi
796 2357 959 2423 Romanis
978 2357 1013 2422 in
1032 2357 1142 2424 Gallia
1163 2378 1230 2422 non

150 2461 259 2533 4sore.
303 2461 388 2529 Esse
408 2463 567 2529 nonnullo
586 2485 624 2530 se
646 2461 797 2528 Caesaris
819 2461 981 2528 beneficio
1002 2458 1169 2540 affectum,
1183 2463 1230 2527 sic

181 2573 304 2639 tamen,
319 2576 357 2632 ut
372 2567 585 2634 iustissimam
599 2568 688 2652 apud
707 2588 782 2633 eum
798 2584 932 2632 causam
947 2565 1126 2631 obtinuerit
1140 2588 1148 2646 ;
1170 2567 1229 2631 sed

152 2696 167 2746 5
184 2668 258 2751 plus
271 2672 438 2735 communi
453 2671 598 2736 libertati
613 2671 764 2737 tribuere
804 2668 874 2735 Cur
887 2670 974 2734 enirn
991 2670 1103 2753 potius
1116 2669 1229 2735 Aedui

182 2773 226 2836 de
248 2794 309 2839 suo
330 2774 399 2839 iure
421 2784 456 2841 et
477 2777 520 2840 de
542 2775 670 2860 legibus
695 2776 740 2841 ad
760 2773 937 2840 Caesarem
960 2773 1230 2857 disceptatorem,

152 2891 282 2961 uquam
306 2878 449 2944 Romani
470 2880 514 2944 ad
536 2878 676 2945 Aeduos
696 2875 876 2944 venianti'
922 2875 1080 2944 Celeriter
1101 2878 1230 2943 adules-

182 2983 333 3048 centibus
357 2994 393 3049 et
417 2983 566 3049 oratioue
589 2984 803 3067 magistratus
831 2992 865 3049 et
895 2983 1044 3068 praemio
1069 2983 1231 3061 deductis,

182 3107 259 3151 cum
274 3109 310 3153 se
322 3088 375 3153 vel
390 3089 558 3174 principes
572 3088 644 3154 eius
658 3088 785 3155 consilii
801 3086 872 3153 fore
887 3087 1129 3171 profiterentur,
1145 3082 1231 3153 r'atio

183 3191 372 3275 perficiendi
387 3194 615 3276 quaerebatur,
630 3193 720 3277 quod
742 3193 911 3257 civitatem
932 3201 1058 3258 temere
1072 3192 1115 3258 ad
1131 3192 1232 3256 susci·

154 3322 169 3376 7
183 3296 340 3380 piendum
355 3296 479 3362 bellum
495 3296 615 3362 adduci
631 3317 730 3381 posse
744 3316 812 3360 non
830 3294 1051 3361 confidebant.
1096 3294 1232 3373 Placuit,

183 3409 222 3464 ut
237 3400 425 3465 Litaviccus
438 3402 554 3466 decem
571 3400 635 3464 illis
650 3400 793 3478 milibus,
803 3419 890 3484 quae
900 3398 1033 3465 Caesari
1048 3398 1091 3463 ad
1106 3397 1230 3463 bellum

183 3505 401 3583 mitterentur,
434 3503 668 3588 praeficeretur
702 3513 805 3588 atque
837 3522 878 3568 ea
909 3502 1061 3567 ducenda
1095 3512 1231 3581 curaret,

218 3678 232 3734 i
245 3685 268 3740 7
279 3677 438 3733 fossamque
454 3677 598 3731 dupuoem
614 3676 683 3724 duo·
732 3671 1013 3737 mdioeudouhisptm
1020 3670 1233 3737 thereisnothing

185 3743 291 3790 ἁοιιιιιιι
313 3742 426 3798 pedum.
462 3739 527 3788 This
553 3754 633 3789 seems
655 3747 683 3789 to
732 3736 1232 3803 tobeseenbutamuddycountrylane

185 3821 258 3857 mean
270 3812 321 3854 two
332 3804 444 3855 trenches
457 3805 519 3855 each
529 3804 619 3854 twelve
634 3805 684 3855 ieet
733 3801 835 3853 Twelve
851 3802 901 3852 ieet
912 3817 964 3853 was
980 3802 1024 3853 the
1038 3802 1136 3853 normal
1152 3802 1232 3854 widun

185 3870 211 3921 iu
235 3870 322 3921 width
356 3869 490 3935 Napoleon
515 3869 556 3918 111
576 3868 638 3933 (.rol
657 3870 684 3919 il
734 3866 798 3919 oia
816 3867 943 3932 ‘egitlmrl
960 3865 1042 3929 sorau,
1059 3866 1109 3918 and
1128 3867 1161 3918 its
1177 3884 1232 3935 per·

184 3950 256 4003 p.33
224 3935 284 3999 330)
273 3935 456 3999 understands
465 3935 500 4000 by
510 3936 550 3984 rt
557 3941 610 3985 two
620 3934 686 3985 lrttle
734 3933 906 4064 pendeulsr
889 3933 967 3999 depth
977 3948 1029 3984 was
1038 3948 1095 3985 nure
1105 3933 1161 3986 teet
1185 3933 1232 3986 See

185 4003 283 4053 ditches
299 4001 399 4052 oreb
379 4016 417 4051 su
439 4001 488 4052 ieet
504 3997 600 4050 broad'
641 4000 686 4050 He

186 4066 375 4145 speaksastho
409 4064 685 4117 htbeseditcberhad
768 4067 876 4129 8777.
903 4066 1001 4116 decern
1024 4065 1085 4116 intr
1108 4067 1232 4116 milibus.

186 4134 249 4185 been
265 4132 351 4184 discor
416 4132 489 4184 :but
506 4131 533 4182 lu
551 4129 595 4183 the
611 4130 685 4198 plsoe
737 4144 776 4196 34,
789 4134 802 4191 7
817 4142 841 4182 ι

677 4228 737 4280 ’Μ
