3234 5134
197 635 241 683 28.
254 632 282 699 3]
425 631 478 683 DE
501 631 623 684 BELLO
649 630 817 683 GALLICO.
868 631 938 683 ΗΒ.
969 632 1021 682 VII
1186 622 1247 703 265

197 793 266 858 tiae
290 803 392 879 atque
420 795 463 858 ad
491 794 605 859 omnia
634 793 796 859 imitanda
820 802 854 858 et
883 793 1064 872 efficienda,
1087 813 1174 877 quae
1203 795 1248 860 ab
1260 823 1293 885 qn
1304 808 1367 858 both

170 917 332 982 rquoque
353 899 537 975 traduntur,
558 897 775 981 aptissimum.
821 897 911 962 Nam
933 906 969 962 et
994 897 1120 981 laqueis
1146 896 1248 963 falces
1260 873 1333 924 ⁵¹⁶⁰·

197 1001 403 1079 avertebant,
416 1022 500 1086 quas
523 1021 599 1067 cum
621 1001 879 1078 destinaverant,
896 1001 1069 1066 tormentis
1090 1002 1249 1066 introrsus

198 1105 408 1183 reducebant,
423 1115 458 1170 et
473 1125 630 1189 aggerem
651 1104 808 1170 cuniculis
821 1103 1069 1185 subtrahebant,
1085 1127 1126 1171 eo
1147 1106 1249 1172 scien·

198 1208 272 1283 tius,
287 1211 379 1291 quod
400 1210 493 1293 apud
513 1230 571 1274 eos
591 1229 735 1293 magnae
757 1217 835 1272 sunt
853 1207 1005 1273 ferrariae
1026 1219 1128 1292 atque
1150 1229 1250 1274 ornne

169 1332 303 1395 agenus
325 1313 552 1379 cuniculorum
574 1323 690 1378 notum
712 1321 814 1395 atque
836 1312 995 1377 usitatum
1017 1323 1078 1379 est.
1124 1312 1249 1378 Totum

197 1428 310 1482 autern
336 1438 466 1482 murum
488 1438 532 1482 ex
555 1417 644 1482 omni
666 1427 761 1500 parte
785 1416 931 1481 turribus
957 1416 1250 1499 contabulaverant

169 1532 300 1603 4atque
322 1521 383 1586 has
405 1522 501 1587 coriis
522 1523 721 1586 intexerant.
766 1521 855 1586 Turn
876 1520 999 1586 crebris
1021 1520 1145 1585 diurnis
1170 1541 1249 1587 noc·

199 1625 370 1708 turnisque
392 1626 619 1709 eruptionibus
640 1636 699 1690 aut
720 1624 833 1708 aggeri
856 1625 971 1718 ignem=
989 1622 1170 1689 inferebant
1192 1636 1249 1689 aut

200 1727 321 1793 milites
348 1738 530 1812 occupatos
553 1731 587 1793 in
611 1748 712 1812 opere
735 1729 970 1793 adoriebantur
999 1738 1034 1793 et
1062 1737 1249 1793 nostrarum
1314 1788 1321 1795 .

199 1832 336 1896 turrium
359 1834 579 1911 altitudinem,
594 1842 755 1918 quantum
776 1832 839 1898 has
860 1833 1049 1897 cotidianus
1070 1852 1172 1916 agger
1190 1853 1249 1897 ex-

200 1946 372 2019 presserat,
388 1938 572 2003 commissis
585 1957 719 2002 suarum
739 1936 878 2002 turrium
896 1936 991 2001 malis
1008 1936 1250 2018 adaequabant,

170 2051 233 2113 set
245 2052 379 2127 apertos
389 2040 558 2107 cuniculos
573 2053 728 2125 praeusta
742 2055 778 2106 et
790 2050 966 2124 praeacuta
981 2041 1120 2105 materia
1132 2051 1165 2104 et
1178 2041 1250 2122 pice

198 2144 376 2211 fervefacta
392 2155 427 2210 et
445 2145 584 2209 maximi
604 2145 757 2229 ponderis
780 2145 872 2210 saxis
890 2144 1103 2209 morabantur
1125 2145 1250 2209 moeni·

198 2250 326 2332 busque
341 2250 609 2333 appropinquare
622 2248 854 2333 prohibebant.

144 2366 187 2420 28
243 2352 331 2416 Muri
367 2362 479 2418 autern
512 2373 630 2418 omnes
665 2352 784 2418 Gallici
817 2352 880 2417 hac
916 2352 984 2418 iere
1020 2350 1127 2416 fornia
1163 2361 1248 2417 sunt.
1262 2363 1347 2416 Gallie

200 2459 328 2523 Trabes
367 2460 511 2525 directae
548 2468 729 2544 perpetuae
766 2458 800 2521 in
838 2456 1079 2541 longitudinem
1116 2458 1249 2541 paribus
1261 2430 1342 2480 Μ’·

199 2563 387 2643 intervallis,
402 2564 564 2629 distantes
585 2564 671 2627 inter
692 2582 730 2627 se
752 2561 848 2626 binos
869 2562 985 2647 pedes,
1002 2561 1035 2625 in
1052 2560 1124 2627 solo
1146 2561 1249 2627 collo·

173 2675 325 2732 scantur.
373 2667 451 2732 Hae
485 2652 705 2732 revinciuntur
733 2666 893 2729 introrsus
927 2674 961 2729 et
993 2665 1099 2730 multo
1128 2685 1251 2749 aggere

199 2772 401 2848 vestiuntur3
426 2792 466 2836 ea
480 2780 604 2849 autem,
615 2791 700 2854 quae
715 2772 871 2846 diximus,
884 2769 1056 2835 intervalla
1071 2771 1251 2853 grandibus

173 2876 233 2946 3in
265 2877 373 2941 fronte
405 2877 498 2940 saxis
527 2875 747 2940 etiarciuntur.
792 2875 858 2940 His
887 2873 1057 2939 collocatis
1086 2884 1121 2940 et
1150 2895 1251 2958 coag-

201 2980 358 3046 mentatis
395 2980 478 3045 alius
514 2979 648 3063 insuper
684 2982 767 3045 ordo
803 2979 945 3055 additur,
977 2989 1016 3043 ut
1048 2978 1136 3043 idem
1169 2977 1250 3044 illud

201 3084 407 3150 intervallum
433 3094 589 3161 servetur,
613 3103 721 3168 neque
746 3085 833 3149 inter
854 3103 890 3147 se
913 3085 1110 3167 contingant
1132 3082 1251 3162 trabes,

234 3284 285 3340 la.
302 3283 451 3331 mulcens
477 3280 513 3331 iii.
529 3285 633 3345 21,§3.
749 3279 913 3345 mffolding!

232 3350 374 3396 semmae.
408 3346 457 3412 Cp.
469 3344 607 3397 ‘rendae’
620 3348 645 3396 in
660 3346 696 3397 iii.
785 3347 1114 3409 §sspemoaonnlouloe
1128 3342 1252 3408 ‘apertos’

201 3416 334 3528 uns
352 3411 700 3528 turturem
750 3408 1252 3542 sustentantur

199 3542 452 3608 hastobesnpplied
463 3544 524 3592 with
542 3542 611 3593 both.
644 3542 700 3593 The
751 3541 816 3602 end,'
846 3543 894 3591 &c
932 3542 1032 3606 Mining
1060 3540 1110 3590 end
1140 3546 1251 3590 connter·

200 3608 264 3658 iorm
281 3606 429 3659 ‘terrerent'
445 3624 498 3658 was
513 3608 573 3659 used
590 3610 622 3672 by
635 3608 701 3659 Cato
750 3607 848 3671 mining
868 3622 910 3657 ure
931 3607 1039 3657 familiar
1060 3606 1201 3671 operrtlonr
1226 3606 1251 3655 iu

200 3689 228 3723 ns
244 3673 337 3739 quoted
354 3674 386 3738 by
404 3673 485 3724 Aulus
500 3674 607 3735 Gellius,
622 3673 648 3722 ii.
660 3687 701 3734 rr,
751 3673 851 3722 Romnn
869 3672 979 3736 military
998 3671 1101 3736 history.
1135 3671 1183 3736 Cp.
1196 3670 1250 3720 le.

201 3744 266 3805 5²9·
751 3738 820 3788 xxiii.
839 3737 876 3797 18,
897 3742 910 3797 ς
923 3751 939 3802 9
955 3737 1116 3788 ‘transversis
1132 3735 1252 3787 cuniculis

234 3809 283 3870 54.
301 3806 604 3855 oommlrsie...mnlle.
632 3810 701 3853 ‘mn
751 3803 862 3852 hostium
889 3803 1018 3853 cuniculos
1043 3798 1172 3867 excipere‚'
1200 3802 1251 3851 end

199 3869 244 3922 lis’
256 3873 278 3920 is
290 3870 354 3921 froin
366 3868 476 3929 ‘malim‘
488 3868 608 3919 theword
619 3869 701 3919 which
751 3867 851 3918 xxxviii.
874 3882 888 3930 7
904 3873 928 3916 ‘.
941 3904 947 3917 .
960 3904 967 3917 .
978 3869 1091 3934 pluribus
1108 3869 1172 3918 loclr
1190 3883 1251 3918 aure

199 3951 286 3987 meane
301 3952 317 3985 ι
332 3944 404 3986 mest.
441 3935 509 3985 Here
524 3935 544 3985 it
558 3950 644 3984 menne
658 3933 701 3985 the
751 3934 863 3993 admota,
876 3936 984 3984 sonitum
1002 3934 1148 3985 fodientium
1165 3941 1250 4010 capto·

200 4001 303 4068 upright
324 4002 396 4051 bearn
423 4001 505 4051 which
534 4000 630 4051 formed
658 3999 701 4049 the
750 3999 818 4048 bant
837 3999 918 4062 Quem
926 3999 1129 4065 nbiecoepernnt,
1137 4006 1250 4064 epenunt

201 4083 289 4119 comer
317 4068 347 4118 oi
375 4067 417 4117 the
445 4074 530 4117 tower.
569 4065 700 4116 Translate
750 4065 1032 4117 rectnmincunienlnm
1043 4065 1124 4116 rinm’

203 4130 702 4198 ‘andbyadunguehlengusot
776 4178 778 4183 r
