3234 5134
367 582 412 647 b
710 595 738 647 c
764 596 860 647 rum
881 595 1067 648 cansrrms
1302 592 1354 659 [rr.
1370 606 1403 642 2-

367 759 491 825 iens
519 759 622 824 nostri
651 759 817 825 exercitus
851 770 1033 843 perspecta,
1062 768 1159 823 nocte
1190 757 1232 821 ad
1262 755 1404 821 Nervios

366 870 581 947 pervenmrnt
612 873 715 945 atque
746 862 797 929 bis
830 864 1105 941 demonstrarunt,
1138 863 1222 927 inter
1257 860 1406 945 singulas

365 968 509 1051 legiones
517 967 828 1050 impedimentorum
842 987 998 1050 magnum
1011 987 1183 1032 numerum
1195 966 1406 1045 intercedere,

363 1091 473 1156 neque
485 1092 559 1137 esse
572 1072 751 1154 quicquam
767 1071 901 1156 negotii,
916 1091 992 1137 cum
1007 1071 1116 1156 prima
1134 1070 1221 1154 legio
1241 1070 1275 1133 in
1298 1080 1408 1135 castra

360 1176 515 1253 miset,
525 1175 739 1258 reliquaeque
753 1175 902 1258 legiones
918 1195 1075 1260 magnum
1087 1175 1230 1259 spatium
1241 1174 1408 1253 abessent,

360 1279 447 1345 banc
472 1280 535 1344 sub
560 1279 695 1343 sarcinis
719 1279 862 1355 adoriri;
884 1298 951 1361 qua
974 1279 1069 1362 pulsa
1091 1277 1436 1362 impedimentisquet

360 1384 500 1467 direptis
533 1385 688 1457 futurum,
720 1394 756 1448 ut
792 1382 937 1464 reliquae
970 1392 1086 1446 contra
1122 1382 1303 1446 consistere
1340 1404 1407 1448 non

195 1483 299 1545 rim
359 1488 529 1552 auderent.
573 1486 768 1552 Adiuvabat
791 1487 892 1550 etiam
915 1505 1029 1549 eorum
1053 1483 1236 1558 consilium,
1256 1488 1314 1568 qui
1337 1506 1438 1554 rem4

192 1548 339 1663 3⁹2*st
358 1591 558 1665 cumbam,
580 1591 670 1673 quon
694 1590 808 1655 Nervii
832 1589 1024 1670 antiquitus,
1045 1608 1121 1652 cum
1148 1589 1302 1669 equitatu
1326 1593 1407 1669 nnn

358 1706 494 1781 possent
508 1691 629 1779 (neque
647 1694 736 1757 enim
757 1693 800 1758 ad
821 1693 885 1757 hoc
905 1702 1037 1775 tempus
1055 1690 1085 1753 ei
1106 1691 1153 1754 rei
1173 1694 1320 1771 student,
1335 1698 1407 1770 sed,

358 1799 516 1882 quicquid
531 1807 677 1882 possunt,
693 1796 902 1881 pedestribus
919 1793 1031 1858 valent
1051 1794 1178 1878 copiis),
1194 1815 1262 1877 quo
1278 1797 1407 1864 facilius

357 1903 571 1968 finitimorum
586 1900 785 1983 equitatum,
798 1899 827 1962 si
843 1896 1023 1982 praedandi
1043 1916 1143 1961 causa
1158 1900 1201 1961 ad
1223 1920 1282 1963 eos
1296 1904 1406 1968 venis·

356 2016 441 2084 sent,
456 2004 660 2087 impedirent,
681 2003 803 2066 teneris
824 2000 994 2066 arboribus
1015 2000 1126 2062 incisis
1148 2010 1251 2083 atque
1273 2003 1406 2071 inflexis

356 2110 545 2190 crebrisque
570 2108 604 2171 in
630 2105 839 2171 latitudinem
866 2105 966 2167 ramis
993 2104 1098 2167 enatis
1124 2115 1158 2169 et
1186 2106 1276 2169 rubis
1302 2109 1404 2171 senti·

355 2216 484 2293 bmque
506 2210 681 2274 interiectis
703 2207 888 2283 effecerant,
911 2215 948 2270 ut
971 2206 1073 2270 instar
1094 2208 1180 2271 muri
1201 2207 1265 2272 hae
1286 2230 1404 2293 saepes

355 2316 560 2380 munimenta
582 2314 785 2397 praeberent,
805 2332 873 2393 quo
895 2330 962 2374 non
985 2311 1088 2374 modo
1111 2330 1178 2376 non
1201 2312 1324 2391 intrari,
1343 2316 1403 2380 sed

355 2441 396 2484 ne
410 2418 552 2502 perspici
567 2418 703 2499 quidem
719 2424 843 2499 posset.
889 2414 953 2478 His
968 2415 1068 2478 rebus
1083 2434 1159 2478 cum
1181 2417 1244 2480 iter
1261 2418 1403 2500 agminis
1417 2431 1432 2482 5

355 2524 459 2588 nostri
495 2522 718 2605 impediretur,
755 2540 822 2584 non
859 2520 1082 2583 omittendum
1119 2520 1183 2584 sibi
1226 2521 1403 2586 consilium

357 2628 469 2692 Nervii
485 2626 768 2690 existimaverunt.

189 2742 292 2791 eroum
398 2731 480 2794 Loci
514 2741 633 2794 natura
662 2740 733 2794 erat
761 2729 854 2805 haec,
883 2749 984 2811 quem
1014 2727 1126 2793 locum
1157 2731 1259 2794 nostri
1289 2732 1456 2798 castrius

186 2805 342 2921 fflfoe
354 2834 553 2917 delegerant.
600 2833 702 2899 Collis
731 2832 775 2898 ab
808 2853 941 2897 summo
973 2833 1159 2914 aequaliter
1191 2835 1326 2899 declivis
1359 2837 1402 2900 ad

188 2952 268 3001 we
354 2938 477 3002 flumen
493 2936 618 3014 Sabim,
636 2940 727 3018 quod
747 2958 846 3019 supra
865 2938 1119 3011 nominavimus,
1133 2937 1300 3023 vergebat.
1344 2938 1403 3004 Ab
1418 2961 1431 2996 2

354 3064 394 3108 eo
420 3040 555 3104 flumine
585 3040 655 3123 pari
685 3039 872 3105 acclivitate
900 3039 994 3104 collis
1023 3043 1223 3106 nascebatur
1247 3043 1404 3107 adversus

352 3147 428 3212 huic
461 3154 495 3210 et
532 3145 724 3225 contrarius,
756 3163 874 3226 passus
909 3144 1039 3207 circiter
1071 3145 1233 3209 ducentos
1270 3146 1404 3211 infimus

355 3309 422 3358 Here
443 3322 481 3357 we
501 3305 564 3355 heve
587 3303 656 3354 three
672 3304 793 3369 genitivos
809 3302 852 3353 de·
903 3303 964 3352 verb
975 3305 994 3365 (⁴
1004 3314 1087 3369 posset
1096 3302 1115 3367 ')
1128 3304 1149 3354 is
1166 3321 1283 3356 common
1300 3312 1327 3356 to
1341 3307 1403 3358 both

354 3372 463 3449 pending
482 3386 515 3421 on
538 3386 585 3421 one
605 3373 851 3420 noun-‘cousuetu-
902 3368 1005 3424 clauses
1017 3371 1065 3419 and
1076 3378 1122 3420 not
1134 3372 1265 3436 expressed
1280 3372 1344 3422 until
1359 3373 1402 3424 the

353 3440 412 3489 dine
427 3438 522 3488 itineris
537 3436 614 3487 nostri
628 3435 749 3487 exercitus
764 3450 851 3485 eorum
901 3433 959 3493 last,
970 3435 1014 3485 the
1033 3437 1125 3485 second
1142 3437 1223 3486 ‘non’
1239 3438 1320 3502 might
1338 3439 1402 3488 hare

353 3501 467 3554 dierum!
500 3503 555 3553 The
569 3502 622 3552 first
637 3504 659 3552 is
672 3519 688 3552 n
703 3500 810 3566 genitive
825 3500 855 3550 oi
901 3501 963 3549 been
986 3501 1132 3565 suppressed
1154 3502 1220 3565 here,
1242 3520 1270 3554 as
1291 3504 1312 3553 it
1333 3504 1401 3554 isin

352 3568 491 3630 detinition,
511 3569 552 3619 tbe
573 3568 664 3618 second
684 3583 700 3616 a
716 3566 852 3630 subjective
901 3566 937 3617 iii.
952 3583 977 3631 4,
991 3570 1004 3626 5
1019 3580 1041 3620 1.

351 3635 467 3749 penitive,
478 3634 520 3684 the
531 3633 773 3699 thirdngeoitiveoi
780 3633 850 3682 time.
934 3636 978 3683 18.
998 3635 1012 3692 5
1035 3646 1055 3682 1.
1081 3635 1208 3683 declivis.
1255 3633 1400 3684 ‘Decliris‘

375 3714 405 3748 or
415 3699 458 3749 the
469 3700 552 3759 laste
571 3737 577 3749 .
589 3699 625 3749 iii.
639 3700 678 3759 18,
691 3703 704 3757 5
717 3697 733 3747 6
744 3699 852 3763 ‘superi-
902 3712 987 3748 means
1009 3698 1125 3764 ‘sloping
1154 3696 1246 3760 dowq'
1269 3696 1400 3750 ‘acclivis'

352 3779 429 3839 orum
439 3765 536 3815 dierum
546 3715 632 3816 dubini
647 3761 803 3814 cunctatio':
821 3764 852 3814 C.
902 3763 1021 3829 ‘nloping
1039 3762 1280 3829 up’5vii.19,51).
1323 3766 1399 3813 From

352 3840 406 3891 ny,
425 3831 612 3887 51‘omnium
630 3839 771 3896 temporum
789 3829 852 3879 iniu-
902 3829 944 3878 the
967 3829 1056 3879 former
1077 3846 1115 3879 ve
1136 3829 1199 3879 have
1226 3829 1268 3879 the
1292 3831 1400 3879 nbctract

351 3896 401 3943 rias
411 3894 586 3945 inimicorum!
903 3893 1064 3944 ‘declivitas'
1076 3896 1102 3943 in
1113 3896 1155 3945 vii.
1164 3897 1203 3958 85,
1215 3897 1228 3952 5
1240 3914 1264 3955 4,
1275 3895 1324 3943 sud
1335 3894 1400 3943 irotn

384 3962 437 4007 sub
471 3964 599 4010 mmuh.
640 3962 689 4028 Cp.
711 3961 729 4011 i.
750 3974 788 4024 ²4,
809 3963 851 4023 53
901 3959 944 4011 the
966 3960 1038 4010 latter
1059 3958 1218 4010 ‘acclivitas'
1238 3960 1263 4009 in
1280 3960 1323 4010 tbe
1340 3966 1399 4009 next

351 4024 490 4073 ‘uminum'
902 4027 996 4076 section
1008 4025 1213 4091 oitbischspter.

386 4092 436 4152 54.
453 4103 513 4139 non
534 4094 619 4141 modo
640 4106 706 4141 non
749 4093 786 4155 As
807 4090 851 4141 the
934 4106 1028 4149 supra
1058 4090 1096 4151 16,
1110 4095 1123 4150 5
1138 4103 1159 4139 1.
