3234 5134
326 590 385 653 128
673 603 701 656 c.
726 603 822 655 tutu
843 602 1030 655 casurus
1297 597 1379 669 [it-

325 768 404 834 belli
431 765 669 834 intermittitur.
716 768 783 835 Sed
810 769 931 854 privati
957 789 996 833 ac
1019 766 1164 851 separati
1189 764 1261 848 agri
1285 765 1404 848 apud?

327 893 384 938 eos
407 872 488 936 nihil
511 882 573 954 est,
587 892 696 956 neque
712 872 846 966 lrmgius
869 894 957 938 anno
979 891 1147 937 remanere
1167 890 1235 934 uno
1252 868 1285 933 in
1300 868 1374 934 loco

327 976 490 1041 incolendi
513 997 615 1041 causa
638 976 723 1042 iicet
780 978 901 1060 Neque
931 975 1072 1042 multum
1104 975 1279 1052 frumento,
1312 973 1404 1038 sed8

327 1081 508 1146 maximam
524 1091 653 1165 partem
669 1081 754 1146 lacte
767 1093 869 1165 atque
889 1101 1008 1164 pecore
1027 1080 1152 1158 vivunt,
1167 1078 1376 1160 multumque

326 1196 403 1250 sunt
419 1187 452 1249 in
466 1185 713 1263 venationibus3
729 1207 815 1269 quae
829 1206 881 1251 res
896 1194 929 1250 et
944 1185 1009 1251 cibi
1024 1204 1144 1269 genere
1159 1193 1194 1248 et
1208 1183 1374 1248 cotidiana
1388 1199 1405 1250 9

327 1289 563 1354 exercitatione
578 1298 612 1353 et
626 1289 781 1354 libertate
794 1288 891 1369 vitae,
906 1310 982 1356 curn
997 1310 1017 1354 a
1032 1288 1142 1374 pueris
1156 1286 1248 1351 nullo
1264 1284 1374 1352 officio

327 1403 386 1457 aut
400 1393 575 1477 disciplina
593 1394 767 1459 assuefacti
784 1392 1018 1458 nihilomnino
1036 1401 1151 1458 contra
1164 1391 1373 1455 voluntatem

325 1497 460 1575 faciant,
481 1507 515 1562 et
536 1497 621 1562 vires
644 1497 704 1563 alit
723 1506 757 1562 et
785 1497 920 1563 immani
943 1517 1118 1580 corporum
1144 1494 1375 1578 magnitudine

326 1600 477 1667 homiues
500 1602 608 1667 efficit.
663 1601 777 1684 Atque
800 1602 834 1666 in
857 1622 932 1667 eam
958 1622 994 1665 se
1019 1600 1293 1666 consuetudinem
1317 1599 1423 1662 ad-10

327 1706 504 1785 duxerunt,
529 1715 566 1770 ut
592 1704 672 1771 locis
696 1704 917 1790 frigidissimis
941 1725 1049 1788 neque
1077 1704 1218 1768 vestitus
1244 1712 1376 1785 praeter

327 1808 430 1892 pelles
452 1808 612 1874 haberent
632 1809 820 1893 quicquam,
835 1831 974 1893 quarum
993 1818 1131 1892 propter
1152 1807 1374 1890 exiguitatem

328 1933 450 1997 magna
476 1921 527 1978 est
555 1913 701 1997 corporis
724 1934 801 1996 pars
834 1922 958 1997 aperta,
981 1922 1015 1977 et
1041 1912 1230 1976 lavarentur
1257 1911 1290 1974 in
1315 1910 1376 1974 flu-

327 2016 480 2081 minibus.

371 2119 611 2185 Mercatoribus
640 2128 692 2183 est
721 2120 832 2186 aditus
865 2121 970 2203 magis
1000 2139 1049 2195 eo,
1083 2127 1131 2197 ut,
1160 2139 1246 2202 quae
1284 2117 1410 2185 belloss

327 2224 485 2306 ceperint,
501 2224 620 2308 quibus
641 2225 787 2289 vendant
805 2225 961 2305 habeant,
974 2244 1075 2308 quam
1093 2244 1161 2307 quo
1184 2222 1287 2288 ullam
1303 2244 1373 2287 rem

328 2328 370 2392 ad
394 2348 430 2391 se
452 2327 620 2413 importari
643 2329 841 2393 desiderent.
886 2326 1097 2411 Quinetiam
1121 2327 1287 2404 iumentis,
1301 2328 1404 2411 qui-²

328 2433 390 2496 bus
414 2433 560 2497 maxime
578 2431 666 2498 Galli
689 2431 896 2497 delectantur
914 2450 1065 2515 quaeque
1085 2431 1235 2515 impenso
1255 2440 1373 2515 parant

328 2536 444 2620 preti0,
475 2530 664 2625 [Germani]
697 2536 884 2618 importatis
911 2555 979 2599 non
1018 2544 1165 2613 utuntur,
1192 2536 1251 2599 sed
1288 2554 1374 2619 quae

327 2652 405 2704 suut
420 2640 509 2723 apud
526 2650 683 2715 sostrata,
698 2660 799 2723 parva
814 2649 915 2723 atque
930 2638 1101 2718 deformia,
1110 2638 1193 2702 haec
1205 2638 1373 2703 cotidiana

328 2743 566 2807 exercitatione
581 2744 702 2807 summi
718 2752 755 2807 ut
769 2743 835 2807 sint
855 2743 977 2807 laboris
997 2741 1154 2807 efficiunt.
1201 2741 1404 2825 Equestris

328 2848 390 2912 bus
416 2844 549 2928 proeliis
571 2866 671 2929 saepe
693 2867 737 2910 ex
759 2846 853 2929 equis
874 2847 1031 2911 desiliunt
1052 2867 1092 2911 ac
1116 2847 1258 2931 pedibus
1276 2867 1373 2928 proe-

327 2948 459 3029 liantur,
469 2970 640 3032 equosque
654 2950 772 3015 eodem
784 2970 955 3015 remanere
966 2950 1107 3032 vestigio
1123 2949 1373 3025 assuefecerunt,

364 3185 414 3242 tu.
431 3186 608 3241 multumque
619 3189 688 3232 sunt
702 3186 829 3233 invene·
878 3184 979 3234 writers
1013 3183 1060 3249 Cp.
1072 3184 1221 3249 vi.17,§5:
1239 3183 1282 3234 vii.
1296 3187 1343 3247 Μ
1351 3196 1374 3247 5.

329 3253 466 3301 tionibus.
500 3249 548 3315 Cp.
568 3250 601 3299 vi.
623 3262 662 3307 ai,
685 3254 741 3313 §32
768 3248 829 3298 Tac.
912 3253 937 3298 2.
957 3253 1007 3305 is.
1035 3252 1151 3310 quibus,
1173 3253 1221 3300 ᾱο.
1256 3250 1333 3313 Many
1349 3248 1380 3299 ol

329 3315 829 3380 Germ.15‘Quotiensbeilanoniuerut,
878 3313 921 3364 the
951 3314 1026 3363 Latin
1052 3323 1128 3364 terms
1155 3314 1288 3365 connected
1315 3315 1376 3364 with

331 3382 436 3432 multum
455 3381 591 3442 venatibus,
609 3381 667 3447 plus
685 3396 730 3446 per
747 3380 828 3430 otium
878 3381 961 3443 riding
986 3379 1036 3428 and
1052 3380 1151 3444 driving
1175 3396 1216 3430 are
1244 3380 1273 3430 ol
1295 3380 1377 3430 Celtic

329 3445 483 3512 transiguut'
879 3445 967 3510 origin.
1000 3443 1376 3507 ltiswwitb‘bmnn'⁴covl·

365 3517 414 3579 59.
430 3514 618 3574 quaerente
651 3510 706 3561 The
714 3510 827 3575 hunting,
878 3512 942 3570 nus,'
965 3508 1083 3572 ‘esredn,'
1108 3509 1282 3576 ‘petorritum’
1305 3511 1376 3573 (Aul.

330 3578 374 3629 the
392 3585 460 3629 meat
479 3577 538 3638 diet,
559 3577 601 3628 the
622 3576 691 3641 deily
712 3576 828 3636 exercite,
879 3575 946 3627 Gell.
958 3592 997 3625 xv.
1012 3590 1053 3639 30,
1072 3575 1134 3637 iol,
1155 3574 1262 3627 ‘raeda'
1280 3576 1376 3640 (Quint.

331 3644 381 3693 and
401 3644 444 3693 the
466 3644 570 3694 absence
593 3642 622 3692 of
641 3642 677 3692 all
698 3642 829 3707 cremping
877 3643 896 3692 i.
925 3656 947 3706 5,
978 3645 991 3700 i
1021 3644 1064 3706 57)
1092 3642 1142 3691 and
1174 3642 1282 3707 perhaps
1315 3642 1377 3691 with

330 3709 443 3758 restraint
481 3706 617 3759 accounted
655 3709 681 3757 in
716 3706 829 3758 Caeser'r
880 3704 997 3768 ‘cerrus’
1019 3705 1154 3770 ‘carruca'
1176 3707 1227 3757 and
1255 3705 1376 3758 ‘cisium‘

331 3775 434 3837 opinion
446 3773 485 3823 for
495 3774 537 3825 the
551 3776 601 3826 sire
617 3774 666 3823 aud
680 3774 792 3839 strength
802 3773 832 3824 os
878 3773 974 3823 Introd.
987 3789 1011 3838 p.
1027 3786 1080 3825 roo.

331 3839 512 3890 tbeGertnens.
911 3855 999 3897 parva
1023 3846 1109 3897 atque
1135 3841 1280 3888 deformia.
1313 3837 1376 3887 Tac.

366 3907 380 3962 ς
394 3916 431 3951 ro.
448 3907 642 3955 adduxerunt.
652 3943 658 3956 .
668 3943 674 3955 .
683 3908 827 3956 haberent.
879 3905 964 3955 Germ.
976 3904 992 3955 6
1003 3907 1011 3931 ‘
1021 3904 1086 3969 Equi
1094 3920 1144 3955 non
1153 3903 1241 3964 forma,
1250 3917 1300 3953 uon
1308 3901 1375 3951 velo·

331 3968 388 4018 The
398 3968 500 4018 historic
557 3986 634 4020 nence
648 3971 711 4021 alter
725 3971 767 4021 the
781 3970 828 4020 full
878 3971 954 4020 citnte
964 3969 1108 4034 conspicui·

331 4034 424 4100 perfect
448 4033 470 4083 is
493 4050 533 4083 eni
562 4035 625 4099 oyed
650 4035 773 4099 regulnrly
795 4038 829 4099 by
913 4041 962 4096 53.
979 4036 1265 4094 eodem...vertioeio,
1278 4032 1376 4083 ‘stock-

332 4100 429 4163 Cicero,
458 4099 503 4148 but
533 4051 583 4150 fers
607 4100 673 4150 often
701 4101 736 4165 by
757 4101 828 4150 other
878 4100 946 4152 still.⁸
969 4101 1025 4151 The
1036 4099 1377 4165 phraseoccuntnmother
