3234 5134
407 636 469 701 274
752 628 783 681 c.
807 628 905 682 rum
927 626 1117 683 cssssms
1355 628 1456 696 [ηε.

406 790 594 877 quibusque
619 790 821 871 cohortibus,
845 792 895 859 uti
925 812 1081 858 numerus
1110 790 1277 876 legionum
1306 799 1454 856 constare

407 896 582 961 videretur.
627 894 692 960 His
717 916 818 980 quam
842 896 1037 981 longissime
1059 904 1196 981 possent
1218 895 1332 981 egredi
1354 894 1479 969 iussim

407 1018 482 1065 cum
498 999 564 1064 iam
582 1020 627 1065 ex
644 999 711 1065 diei
726 1011 878 1084 tempore
897 1000 1122 1067 coniecturam
1141 1008 1276 1083 ceperat
1296 999 1330 1062 in
1350 1010 1454 1063 castra

406 1114 609 1185 perventum,
624 1102 740 1169 iisdem
762 1104 906 1184 sublicis,
919 1124 1059 1188 quarum
1079 1124 1155 1188 pars
1175 1101 1308 1168 inlerior
1327 1102 1455 1184 integra

408 1205 608 1284 remanebat,
637 1218 775 1293 pontem
809 1207 943 1274 reficere
972 1208 1094 1293 coepit
1150 1205 1311 1273 Celeriter
1339 1204 1479 1275 effectos

407 1328 507 1392 opere
537 1310 789 1397 legionibusque
818 1312 982 1377 traductis
1010 1320 1046 1377 et
1074 1310 1149 1375 loco
1185 1310 1301 1375 castris
1337 1309 1455 1375 idoneo

239 1428 371 1494 Vercings
408 1411 538 1479 delecto
575 1414 718 1499 reliquas
753 1415 867 1498 copias
903 1416 1075 1481 revocavit.
1131 1413 1387 1497 Vercingetorix
1423 1424 1478 1476 ret

239 1495 370 1625 fflpffl
409 1517 553 1600 cognita,
569 1538 612 1582 ne
631 1529 747 1584 eontra
766 1540 861 1584 suam
875 1517 1080 1585 voluntatem
1098 1517 1254 1584 dimicare
1275 1524 1454 1601 cogeretur,

238 1623 389 1690 bertegis
409 1623 538 1706 magnis
552 1622 722 1688 itineribus
736 1622 922 1689 antecessit

239 1690 338 1742 ofGer·

238 1756 322 1822 gone

453 1724 575 1791 Caesar
588 1746 633 1791 ex
652 1747 694 1792 eo
712 1726 786 1792 loco
800 1726 924 1811 quintis
945 1726 1063 1794 castris
1084 1724 1285 1812 Gergoviam
1307 1723 1499 1809 pewmitss

407 1831 618 1914 equestrique
632 1850 673 1895 eo
689 1830 744 1895 die
758 1830 886 1915 proelio
905 1830 968 1895 levi
984 1829 1072 1896 sacto
1087 1838 1262 1914 perspecto
1277 1829 1371 1893 urbis
1384 1827 1455 1901 situ,

406 1953 493 2015 quae
513 1934 623 2017 posita
645 1934 679 1999 iu
698 1930 861 2000 altissimo
885 1943 1002 2000 monte
1027 1953 1145 2000 omnes
1169 1934 1279 1998 aditus
1309 1932 1455 1998 difficiles

404 2036 559 2112 habebat,
574 2037 616 2103 de
637 2039 887 2122 expugnatione
908 2038 1102 2123 desperavit,
1118 2039 1162 2103 de
1179 2038 1374 2102 obsessione
1392 2055 1454 2099 uon

406 2141 496 2223 prius
509 2142 679 2224 agendum
693 2141 879 2219 constituit,
889 2162 990 2225 quam
1006 2161 1075 2207 rem
1092 2140 1341 2206 frumentariam
1356 2159 1456 2223 erpe-

406 2244 518 2309 disset
561 2243 613 2308 At
641 2244 900 2330 Vercingetorix
929 2246 1046 2311 castris
1075 2266 1183 2330 prope
1214 2244 1380 2329 oppidum
1406 2239 1478 2331 [ins

405 2341 536 2434 monte]
552 2347 668 2430 positis
691 2348 913 2413 mediocribus
933 2348 1056 2413 circum
1076 2368 1114 2413 se
1127 2347 1306 2413 intervallis
1325 2366 1452 2431 separa·

405 2451 467 2514 tim
499 2449 703 2534 singularum
741 2452 912 2517 civitatum
950 2451 1064 2536 copias
1099 2451 1321 2517 collocaverat
1358 2463 1454 2535 atque

405 2554 560 2619 omnibus
575 2555 644 2620 eius
659 2555 727 2638 iugi
742 2556 883 2620 collibus
897 2556 1079 2639 occupatis,
1094 2577 1161 2641 qua
1174 2556 1300 2641 despici
1315 2564 1453 2640 poterat

405 2657 595 2723 horribilem
617 2660 761 2742 speciem
784 2660 967 2744 praebebat
989 2661 1220 2746 principesque
1242 2680 1356 2724 earum
1378 2660 1479 2730 civi-s

405 2770 524 2839 tatum,
549 2783 634 2846 quos
662 2763 727 2828 sibi
755 2765 799 2828 ad
830 2763 1004 2829 consilium
1040 2764 1242 2848 capiendum
1277 2764 1455 2848 delegerat,

404 2865 513 2948 prima
542 2863 615 2931 luce
643 2868 768 2933 cotidie
793 2868 838 2933 ad
863 2888 900 2933 se
923 2869 1099 2933 conuenire
1121 2868 1266 2946 iubebat,
1292 2888 1351 2933 seu
1377 2868 1454 2952 quid
1572 2862 1573 2873 ’

405 2969 727 3051 communicandum,
750 2991 808 3034 seu
835 2971 917 3055 quid
948 2972 1249 3037 administrandum
1278 2972 1454 3047 videretur,

406 3091 513 3155 neque
528 3071 631 3137 ullum
647 3072 713 3139 iere
731 3075 821 3139 diem
837 3075 1086 3156 intermittebat,
1101 3077 1182 3159 quin
1200 3074 1344 3159 equestri
1361 3095 1481 3159 proc-4

407 3174 462 3254 lio,
477 3175 652 3243 interiectis
670 3178 858 3261 sagittariis,
873 3179 953 3262 quid
976 3180 1011 3243 in
1029 3199 1163 3264 quoque
1184 3189 1272 3244 esset
1292 3178 1396 3242 animi
1418 3197 1455 3241 ac

406 3278 538 3345 virtutis
561 3301 696 3345 suorum
723 3281 972 3364 periclitaretur.
1028 3282 1112 3348 Erat
1135 3302 1155 3346 e
1177 3282 1312 3367 regione
1339 3281 1479 3369 oppidis

407 3382 502 3448 collis
523 3385 586 3448 sub
608 3384 689 3468 ipsis
711 3385 880 3450 radicibus
901 3386 1034 3463 montis,
1049 3387 1180 3470 egregie
1198 3386 1343 3450 munitus
1358 3394 1455 3469 atque

407 3507 451 3551 ex
473 3487 565 3552 omni
587 3498 682 3572 parte
703 3489 934 3567 circumcisus3
956 3510 1055 3574 quem
1074 3489 1102 3555 si
1125 3499 1276 3555 tenerent
1293 3491 1409 3568 nostri,
1424 3500 1454 3554 et

294 3618 299 3628 ·
408 3610 515 3674 aquae
545 3611 666 3674 magna
696 3604 791 3676 parte
821 3602 855 3658 et
885 3593 1100 3678 pabulatione
1129 3593 1234 3658 libera
1263 3593 1455 3677 prohibituri

407 3693 520 3758 hostes
541 3695 749 3763 videbantur.
793 3695 861 3762 Sed
885 3697 912 3760 is
934 3696 1026 3763 locus
1048 3696 1214 3781 praesidio
1241 3698 1285 3762 ab
1311 3697 1366 3762 his
1389 3702 1480 3762 nont

408 3797 517 3862 minus
545 3797 640 3865 firmo
666 3802 850 3866 tenebatur.
895 3800 1025 3864 Tamen
1052 3799 1182 3865 silentio
1204 3802 1313 3866 noctis
1335 3801 1480 3867 Caesar

406 3921 437 3971 ol
455 3922 498 3973 the
519 3923 621 3976 lulerlor
639 3926 713 3978 MSS.
730 3926 794 3978 bave
811 3925 907 3993 ‘captis
955 3925 1001 3977 the
1011 3924 1137 3992 lengusge
1149 3927 1192 3978 the
1206 3928 1318 3993 singular
1328 3944 1380 3979 was
1389 3944 1456 3979 oom-

406 3988 501 4073 quartis
508 3989 645 4057 quibusque
653 3990 814 4043 sonaretur!
831 3992 907 4043 Hofl·
956 3992 1043 4058 monly
1054 3993 1188 4058 employed
1199 3994 1260 4043 with
1273 3994 1408 4061 ‘quisque'

404 4056 765 4184 affilltffi
775 4058 909 4189 &tall
955 4061 1061 4177 0⁸⁰⁴
1077 4071 1099 4110 ¹·
1125 4061 1305 4118 ⁰⁰¹⁸⁰'¹⁸'²
1332 4058 1456 4112 Μ*
