3234 5134
316 646 359 707 92
664 639 691 690 C.
717 638 814 690 IULII
835 637 1021 690 CAESARIS
1263 637 1318 703 [81.
1335 651 1366 688 1-

319 821 405 865 nova
419 811 521 883 atque
537 800 692 865 inusitata
707 800 816 885 specie
828 801 986 865 commoti
995 798 1123 884 legatos
1135 800 1179 863 ad
1190 797 1364 865 Caesarem

151 912 280 976 Theyuk
319 906 361 968 de
387 924 469 987 pace
495 905 665 980 miserunt,
694 905 751 987 qui
777 905 821 969 ad
849 905 936 968 hunc
967 906 1103 968 modum
1134 903 1252 968 locuti:
1277 908 1392 967 ‘non2

150 978 189 1027 sm
201 993 282 1042 Μ’
318 1006 509 1073 existimare
529 1008 700 1073 Romanos
721 1008 792 1072 sine
811 1029 874 1093 ope
895 1007 1007 1072 divina
1024 1007 1148 1072 bellum
1168 1027 1290 1092 gerere,
1308 1007 1365 1090 qui

319 1120 431 1175 tantae
463 1110 649 1176 altitudinis
679 1112 940 1178 machinationes
969 1123 1062 1176 tanta
1090 1111 1257 1176 celeritate
1291 1132 1365 1194 pro·

319 1235 451 1280 movere
465 1224 601 1298 possent
611 1239 621 1291 ;
645 1237 681 1280 se
699 1236 827 1299 suaque
845 1216 957 1280 omnia
973 1235 1089 1280 eorum
1110 1215 1268 1298 potestati
1290 1235 1394 1297 per-3

319 1319 451 1384 mittere
472 1319 638 1384 dixerunt.
682 1320 799 1385 Unum
823 1328 934 1402 petere
956 1340 994 1383 ac
1016 1320 1204 1402 deprecari:
1232 1319 1260 1382 si
1282 1317 1396 1388 forte4

318 1441 380 1505 pro
402 1443 463 1485 sua
480 1423 657 1488 clementia
678 1443 719 1487 ac
742 1422 1003 1501 mansuetudine,
1019 1442 1119 1504 quam
1143 1423 1206 1506 ipsi
1228 1422 1273 1486 ab
1294 1421 1366 1486 aliis

318 1526 481 1601 audirent,
496 1527 668 1592 statuisset
688 1526 888 1591 Aduatucos
910 1547 983 1591 esse
1002 1527 1254 1601 conservandos,
1271 1547 1313 1589 ne
1331 1546 1366 1590 se

319 1631 419 1695 armis
434 1631 642 1713 despoliaret.
688 1630 759 1696 Sibi
775 1651 893 1697 omues
913 1630 982 1694 fere
996 1629 1154 1694 finitimos
1171 1650 1244 1694 esse
1258 1630 1366 1693 inimi·
1379 1651 1393 1700 5

319 1753 375 1798 cos
405 1754 443 1799 ac
473 1756 554 1799 suae
582 1736 696 1800 virtuti
728 1736 893 1812 invidere3
925 1756 946 1799 a
975 1733 1097 1816 quibus
1126 1754 1162 1798 se
1191 1732 1367 1798 defendere

319 1839 450 1902 traditis
476 1839 574 1904 armis
601 1860 667 1903 non
693 1850 839 1922 possent.
885 1837 956 1903 Sibi
980 1848 1157 1921 praestare,
1181 1837 1208 1901 si
1233 1837 1265 1900 in
1288 1852 1395 1902 eume

319 1962 432 2006 casum
460 1944 708 2018 deducerentur,
732 1943 884 2025 quamvis
911 1941 1076 2006 fortunam
1100 1962 1121 2005 a
1147 1940 1273 2023 populo
1296 1941 1366 2006 Ro·

322 2065 421 2110 mano
446 2046 525 2128 pati,
550 2065 650 2128 quam
675 2047 719 2110 ab
744 2046 796 2110 his
820 2066 879 2128 per
902 2045 1082 2110 cruciatum
1111 2043 1256 2120 interfici,
1282 2046 1367 2109 inter

318 2168 404 2230 quos
425 2150 587 2214 dominari
610 2147 845 2213 consuessent!

152 2261 306 2313 butmrold
362 2252 420 2317 Ad
445 2252 527 2316 haec
555 2251 677 2316 Caesar
703 2252 892 2336 respondit:
929 2272 965 2315 se
995 2253 1101 2335 magis
1130 2252 1366 2316 consuetudine
1377 2261 1419 2315 82

150 2330 286 2445 {ffifflsst
319 2377 380 2421 sua
409 2376 509 2439 quam
540 2356 659 2422 merito
689 2377 803 2421 eorum
834 2355 1001 2420 civitatem
1032 2366 1311 2431 conservaturum,
1337 2356 1365 2419 si

150 2461 298 2510 theirarmc
319 2462 418 2545 prius,
434 2480 534 2543 quarn
558 2481 688 2525 murum
710 2462 794 2526 aries
813 2461 985 2545 attigisset,
1009 2483 1045 2526 se
1063 2462 1286 2537 dedidissent3
1307 2460 1393 2525 seda

319 2566 498 2630 deditionis
521 2564 645 2629 nullam
669 2586 741 2630 esse
767 2566 995 2631 condicionem
1020 2566 1082 2629 nisi
1106 2567 1204 2630 armis
1228 2565 1368 2630 traditis.

320 2667 367 2733 Se
390 2669 434 2743 id,
461 2670 552 2750 quod
581 2669 613 2733 in
642 2669 773 2734 Nerviis
799 2669 940 2746 fecisset,
962 2669 1123 2734 facturum
1154 2669 1369 2751 finitimisque

319 2774 565 2856 imperaturum,
578 2793 619 2836 ne
634 2792 736 2855 quam
752 2774 918 2838 dediticiis
929 2774 1043 2857 populi
1061 2774 1204 2837 Romani
1215 2774 1367 2837 iniuriam

319 2875 483 2940 inferrent.
542 2876 594 2939 Re
623 2878 774 2941 nuntiata
810 2879 854 2942 ad
884 2899 971 2954 suos,
1000 2897 1087 2960 quae
1120 2878 1397 2961 imperarentur,3

152 2991 268 3054 Seeming
280 2996 307 3038 to
320 2978 427 3044 facere
441 2979 609 3042 dixerunt.
655 2979 836 3044 Armorum
853 3001 974 3065 magna
989 2981 1202 3045 multitudine
1216 2982 1258 3045 de
1273 3001 1398 3053 muro4

152 3055 275 3170 mii,
320 3084 353 3148 in
375 3082 509 3159 fossam,
527 3101 612 3164 quae
635 3094 706 3147 erat
728 3092 806 3148 ante
828 3085 999 3166 oppidum,
1018 3085 1115 3162 iacta,
1138 3084 1184 3147 sic
1206 3094 1243 3147 ut
1264 3106 1368 3168 prope

153 3185 269 3299 wind»
320 3206 485 3251 summam
511 3186 595 3250 muri
621 3187 818 3270 aggerisque
840 3186 1050 3251 altitudinem
1074 3188 1181 3253 acervi
1201 3208 1367 3252 armorum

154 3267 275 3366 resine·
320 3293 554 3373 adaequarent,
579 3300 612 3354 et
635 3301 748 3354 tamen
778 3290 909 3357 circiter
939 3300 1033 3373 parte
1061 3292 1167 3371 tertia,
1190 3301 1227 3356 ut
1251 3303 1369 3375 postea

154 3389 216 3445 1³²ss,
320 3405 530 3479 perspectum
553 3402 613 3472 est,
635 3393 742 3458 celata
764 3404 867 3476 atque
894 3394 927 3457 in
950 3397 1075 3478 oppido
1103 3404 1243 3474 retenta,
1265 3398 1369 3480 portis

322 3500 504 3583 patefactis,
518 3519 559 3563 eo
574 3498 629 3562 die
644 3518 725 3581 pace
740 3506 818 3562 sunt
833 3498 892 3562 usi.

355 3749 396 3794 31.
414 3749 463 3807 53.
481 3748 624 3795 dixonmt.
658 3744 712 3794 The
728 3742 824 3807 subject
900 3747 945 3794 32.
963 3748 976 3803 ς
997 3758 1019 3793 2.
1044 3746 1196 3796 dediticiis.
1230 3746 1319 3807 Subst,
1342 3763 1371 3796 ns

322 3809 352 3860 of
361 3811 411 3887 this
422 3810 444 3858 is
455 3814 462 3837 ‘
472 3808 532 3875 qui,'
545 3808 650 3861 ‘locuti'
660 3811 737 3876 being
747 3810 824 3876 pauti-
867 3809 917 3860 ini.
929 3822 967 3873 η,
979 3814 1033 3874 §4;
1051 3826 1092 3874 44,
1107 3814 1119 3869 5
1133 3824 1157 3873 5.
1192 3811 1248 3874 Adj.
1258 3811 1316 3860 inii.
1329 3824 1366 3875 17,

322 3875 408 4003 cipali
424 3954 509 3999 quum
529 3979 535 3991 .
554 3976 561 3988 .
580 3945 739 3993 ‚audii-ent.
773 3940 823 4007 Cp.
868 3876 1159 4005 §assilfig'riuiftiita
1183 3942 1268 3991 ‘After
1275 3950 1368 4005 report-

322 4005 359 4055 iii.
385 4016 422 4068 η,
446 4009 489 4082 ςμ
515 4007 589 4056 ‘Hac
617 4007 701 4059 audita
724 4022 757 4071 pu
792 4004 824 4055 a)
868 4007 912 4071 ing
926 4007 968 4056 the
985 4015 1074 4057 matter
1084 4018 1111 4057 to
1122 4007 1187 4057 their
1200 4015 1366 4071 countrymen,
