3234 5134
188 627 214 675 9.
229 622 257 689 5]
415 623 469 675 DE
490 623 613 676 BELLO
639 625 805 677 GALLICO.
859 625 927 677 ΠΒ.
957 627 1010 677 VII
1179 635 1239 698 255

189 787 232 851 ab
257 785 385 850 Helviis
410 786 577 867 discludit,
600 787 775 853 durissimo
801 798 953 873 tempore
976 789 1054 853 anni
1079 787 1237 855 altissima
1250 803 1398 869 Panrgeor

189 891 265 953 nive
284 891 346 955 iter
367 890 577 975 impediebat,
592 903 705 958 tamen
723 893 870 958 discussa
890 893 965 957 nive
987 914 1049 957 sex
1071 894 1105 958 in
1125 892 1236 959 altitu·
1248 868 1350 986 m,

190 995 300 1060 dinem
323 997 447 1078 pedum
470 1006 570 1081 atque
592 997 640 1062 ita
659 997 722 1060 viis
743 996 918 1081 patefactis
940 1017 1072 1062 summo
1095 997 1236 1064 militum

161 1120 176 1170 3
189 1101 310 1164 sudore
324 1102 366 1164 ad
383 1099 466 1164 fines
481 1100 707 1165 Arvernorum
723 1100 883 1184 pervenit
924 1099 1055 1183 Quibus
1070 1101 1237 1185 oppressis
1250 1110 1370 1188 nevasia·

188 1203 441 1286 inopinantibus,
456 1206 546 1288 quod
568 1224 604 1269 se
627 1202 781 1269 Cevenna
803 1214 841 1268 ut
863 1224 957 1268 muro
980 1207 1126 1271 munitos
1149 1206 1236 1271 exis·
1249 1175 1395 1291 ffi’ffih‘

187 1307 360 1385 timabant,
382 1329 421 1373 ac
447 1328 490 1372 ne
512 1308 670 1391 singulari
696 1307 831 1391 quidem
859 1329 1017 1392 umquam
1048 1309 1173 1375 homini
1196 1330 1237 1375 eo

188 1421 338 1495 tempore
364 1412 442 1476 anni
467 1412 607 1477 semitae
630 1420 815 1494 patuerant,
838 1412 1002 1496 equitibus
1028 1413 1178 1502 imperat,
1201 1424 1239 1478 ut

189 1536 291 1599 quam
321 1514 480 1580 latissime
509 1516 636 1599 possint
663 1525 828 1599 vagentur
856 1525 890 1580 et
919 1537 1020 1599 quam
1053 1519 1238 1583 maximum

159 1619 340 1686 shostibus
369 1629 527 1684 terrorem
557 1618 706 1684 inserant.
764 1617 924 1684 Celeriter
952 1619 1034 1684 haec
1072 1620 1161 1687 fama
1198 1644 1238 1687 ac
1252 1634 1382 1700 Vereinge⁴

189 1723 313 1787 nuntiis
330 1723 373 1787 ad
388 1723 692 1808 Vercingetorigem
706 1722 935 1807 perferuntur;
959 1743 1060 1806 quem
1075 1727 1237 1807 perterriti
1250 1701 1315 1816 {221}
1322 1715 1406 1815 ἵζω

189 1846 305 1891 omnes
330 1828 469 1892 Arverni
495 1828 739 1894 circumsistunt
771 1838 871 1911 atque
894 1828 1076 1907 obsecrant,
1102 1838 1139 1893 ut
1169 1831 1237 1895 suis
1249 1840 1346 1894 protect

190 1928 330 1996 fortunis
359 1931 518 2006 consulat,
543 1952 606 1996 neu
636 1953 672 1996 se
700 1931 744 1995 ab
773 1931 926 1997 hostibus
954 1932 1052 2014 diripi
1082 1932 1238 2018 patiatur,
1248 1895 1325 1946 them

189 2036 381 2118 praesertim
406 2055 482 2099 curn
507 2035 619 2101 videat
640 2055 739 2100 omne
760 2036 803 2100 ad
827 2055 864 2099 se
885 2034 1008 2101 bellum
1031 2037 1237 2103 translatum.

160 2137 342 2221 5Quorum
372 2138 429 2203 ille
458 2139 611 2222 precibus
637 2147 808 2222 permotus
837 2149 946 2205 castra
967 2160 1011 2205 ex
1034 2140 1239 2226 Biturigibus

189 2252 301 2307 movet
316 2245 349 2306 in
364 2242 533 2306 Arvernos
547 2263 668 2307 versus.

154 2360 176 2414 9
232 2345 283 2411 At
299 2345 421 2411 Caesar
434 2346 571 2411 biduum
593 2347 626 2410 in
646 2346 697 2411 his
711 2345 791 2411 locis
812 2358 969 2425 moratus,
984 2349 1076 2432 quod
1095 2348 1178 2414 haec
1194 2350 1237 2413 de
1250 2359 1333 2424 Rapio

187 2448 456 2535 Vercingetorige
485 2472 545 2517 usu
574 2459 712 2515 ventura
740 2450 896 2534 opinione
925 2462 1148 2536 praeceperat,
1178 2473 1237 2536 per
1249 2434 1390 2555 ffffffle‘ss't

190 2572 322 2617 causam
349 2554 571 2638 supplementi
595 2555 827 2637 equitatusque
852 2557 992 2639 cogendi
1018 2556 1061 2621 ab
1087 2557 1235 2622 exercitu
1249 2557 1407 2607 Caesarean-

162 2677 176 2714 ο
191 2656 338 2735 discedit,
350 2657 490 2723 Brutum
505 2657 752 2723 adulescentem
767 2657 820 2721 his
834 2660 939 2742 copiis
954 2659 1102 2742 praeficit
1116 2683 1124 2740 ;
1147 2662 1235 2727 hunc
1248 2631 1384 2738 {22th

191 2769 312 2839 monet,
326 2769 365 2824 ut
379 2761 430 2825 ‘in
448 2780 563 2826 omnes
583 2770 695 2846 partes
716 2762 845 2844 equites
862 2782 962 2845 quam
984 2761 1145 2829 latissime
1163 2786 1237 2849 per·

189 2874 369 2948 vagentur:
400 2866 556 2930 daturum
584 2885 621 2929 se
649 2886 794 2949 operam,
824 2886 867 2931 ne
895 2865 1026 2952 longius
1056 2869 1166 2934 triduo
1194 2868 1238 2933 ab

161 2970 304 3047 3castris
326 2967 432 3033 absit!
477 2967 542 3033 His
564 2969 751 3033 constitutis
773 2971 880 3043 rebus,
895 2971 962 3035 suis
983 2971 1239 3055 inopinantibus,

161 3092 289 3154 4quam
304 3072 463 3137 maximis
481 3081 594 3156 potest
612 3072 785 3138 itineribus
800 3073 964 3140 Viennam
980 3078 1138 3159 pervenit.
1187 3075 1238 3140 Ibi

191 3186 330 3242 nanctus
352 3186 517 3242 recentem
540 3176 736 3260 equitatum,
758 3197 859 3261 quem
882 3179 996 3243 multis
1018 3190 1096 3244 ante
1123 3178 1239 3244 diebus

190 3301 230 3345 eo
261 3280 484 3365 praemiserat,
510 3300 618 3364 neque
646 3280 765 3346 diurno
795 3301 903 3364 neque
933 3292 1095 3347 nocturno
1123 3283 1240 3346 itinere

190 3384 376 3448 intermisso
398 3403 458 3468 per
480 3381 561 3448 fines
583 3384 781 3449 Aeduorum
804 3383 839 3446 in
868 3383 1037 3467 Lingones
1059 3385 1238 3458 contendit,

190 3488 246 3551 ubi
271 3487 357 3551 duae
384 3487 532 3570 legiones
554 3487 754 3566 hiemabant,
772 3495 820 3566 ut,
841 3487 869 3551 si
891 3488 970 3572 quid
994 3488 1093 3552 etiam
1116 3488 1159 3551 de
1180 3506 1240 3551 sua

190 3590 297 3655 salute
312 3590 356 3655 ab
371 3590 500 3655 Aeduis
514 3590 651 3655 iniretur
670 3590 806 3669 consilii,
821 3591 990 3656 eeleritate
1006 3601 1239 3674 praecurreret.

161 3722 177 3774 5
192 3695 245 3760 Eo
260 3715 336 3758 cum
352 3693 561 3776 pervenisset,
575 3694 619 3758 ad
640 3695 781 3778 reliquas
801 3693 947 3778 legiones
963 3695 1065 3760 mittit
1082 3695 1240 3780 priusque

190 3819 307 3863 omnes
336 3798 368 3861 in
396 3817 497 3860 unum
524 3797 633 3862 locum
658 3798 758 3881 cogit,
784 3818 886 3881 quam
920 3799 962 3864 de
992 3800 1063 3864 eius
1093 3801 1256 3893 adventu·

225 3939 275 3998 55.
300 3937 332 3982 in
349 3935 492 3983 Arvernos
514 3947 621 3983 versus.
660 3933 691 3983 In
741 3931 884 3983 theRhone
894 3933 975 3983 below
986 3933 1066 3998 Lyon.
1099 3934 1239 3985 Itvmthe

190 3997 470 4087 ri.33„§1wehad
492 3998 541 4048 ‘ad
562 4000 691 4051 Oceanum
740 3998 834 4063 capital
852 3998 883 4048 oi
898 3999 941 4049 the
960 3999 1112 4065 Allobroges
1126 4000 1185 4067 (Str.
1205 4000 1239 4052 iv.

191 4080 328 4195 veros-usn
354 4133 500 4182 Viennam.
541 4129 637 4181 Vienne
657 4145 691 4180 ou
742 4062 856 4130 mu).
