3234 5134
386 590 449 636 aoo
732 585 762 637 c.
787 585 883 636 rum
905 585 1094 639 CAESARIS
1366 585 1431 651 [rr.
1444 600 1477 649 a

387 747 503 812 exules
524 747 768 830 damnatosque
785 756 860 813 tota
878 746 990 814 Gallia
1012 748 1141 832 magnis
1159 748 1347 832 praemiis
1370 749 1421 811 ad
1440 766 1477 810 se

387 850 518 914 allicere
532 849 652 932 coepit
696 850 752 915 Ac
771 862 901 916 mutam
921 851 985 916 sibi
1006 851 1073 916 iarn
1088 851 1142 918 his
1161 854 1270 918 rebus
1290 852 1335 916 in
1356 850 1502 917 Gallina

386 954 619 1022 auctoritatem
643 966 902 1038 comparaverat,
926 965 965 1020 ut
993 956 1140 1038 undique
1168 959 1213 1024 ad
1240 976 1346 1022 eum
1384 956 1475 1039 lega

386 1058 495 1123 tiones
521 1068 761 1136 concurrerent,
786 1060 930 1143 gratiam
960 1069 1062 1142 atque
1090 1061 1283 1126 amicitiam
1323 1059 1478 1144 publice

387 1162 609 1244 privatimque
625 1173 784 1245 peterent.

433 1265 502 1331 Ubi
533 1267 699 1331 intellexit
728 1266 815 1331 ultro
843 1268 887 1332 ad
916 1287 953 1332 se
981 1268 1092 1343 veniri,
1120 1268 1226 1335 altera
1261 1289 1325 1333 ex
1371 1270 1521 1352 partefl

389 1368 536 1435 Senones
546 1369 776 1453 Carnutesque
791 1369 1154 1437 conscientiafacinoris
1163 1372 1344 1457 instigari,
1355 1372 1474 1436 altera

390 1472 529 1538 Nervios
551 1472 817 1557 Aduatucosque
840 1473 965 1539 bellum
991 1474 1154 1540 Remmia
1179 1496 1315 1559 parare,
1351 1494 1474 1557 neque

388 1577 450 1642 sibi
466 1578 726 1644 voluntariorum
741 1578 857 1660 copias
875 1578 1041 1658 defore,si
1063 1600 1108 1644 ex
1129 1579 1250 1645 finibus
1270 1581 1362 1646 suis
1385 1598 1471 1662 pro-

220 1698 357 1749 Anameu
386 1683 480 1765 gredi
501 1683 672 1768 coepisset,
687 1693 853 1747 armatum
876 1682 1051 1748 concilium
1073 1684 1200 1750 indicit.
1244 1683 1334 1750 Hoc
1363 1700 1494 1747 morer

219 1763 326 1815 courel.
389 1785 561 1852 Gallorum
585 1797 635 1852 est
658 1786 788 1851 initium
813 1786 908 1851 belli:
942 1807 1010 1870 quo
1031 1786 1106 1873 lege
1127 1789 1299 1853 communi
1330 1805 1466 1854 omnes

387 1892 527 1973 puberes
549 1890 668 1956 armati
690 1890 867 1955 convenire
888 1901 1095 1972 consuerunt,
1116 1892 1173 1975 qui
1196 1912 1241 1956 ex
1264 1893 1306 1957 iis
1337 1892 1464 1957 novis-

387 1994 491 2059 simus
505 1995 667 2072 convenit,
676 1994 709 2056 in
721 2004 898 2076 conspectu
916 1995 1135 2060 multitudinis
1146 1997 1303 2061 omnibus
1316 1996 1461 2060 crucia·

388 2098 477 2161 tibus
506 2097 644 2162 affectus
675 2107 818 2161 necatur.
874 2098 913 2162 In
944 2117 985 2162 eo
1014 2099 1157 2164 concilio
1179 2098 1486 2185 Cingetorigem‚a

387 2201 521 2267 alterius
539 2202 721 2285 principem
741 2199 904 2279 factionis,
918 2222 1075 2286 generum
1094 2223 1201 2282 suum,
1216 2223 1318 2286 quem
1342 2221 1456 2286 supra

389 2306 691 2371 demonstravimus
711 2303 861 2370 Caesaris
880 2317 1031 2370 secutum
1050 2305 1150 2372 fidem
1171 2307 1215 2370 ab
1233 2326 1274 2371 eo
1288 2328 1366 2372 non
1383 2307 1454 2370 dis·

388 2410 534 2488 cessisse,
543 2408 672 2474 bostem
689 2409 812 2474 iudicat
824 2409 978 2492 bonaque
988 2410 1060 2475 eius
1070 2410 1228 2493 publicat.
1260 2410 1328 2475 His
1343 2412 1478 2476 rebusr

388 2514 546 2579 coniectis
564 2514 599 2578 in
615 2513 754 2579 concilio
768 2514 965 2597 pronuntiat
978 2516 1192 2580 ‘arcessitum
1208 2535 1246 2580 se
1259 2536 1281 2579 a
1296 2513 1451 2581 Senoni-

389 2619 452 2683 bus
480 2628 515 2684 et
545 2617 746 2684 Carnutibus
775 2617 915 2700 aliisque
944 2618 1173 2701 compluribus
1202 2616 1333 2685 Galliac
1361 2617 1447 2686 civi·

389 2722 534 2798 tatibus;
549 2723 614 2787 huc
630 2723 752 2788 iturum
768 2721 924 2805 perfines
943 2721 1125 2786 Remorum
1145 2742 1327 2806 eorumque
1342 2737 1473 2808 agross

388 2824 623 2906 populaturum
652 2844 702 2904 ac,
731 2825 925 2908 priusquam
957 2825 991 2891 id
1029 2822 1136 2901 saciat,
1159 2835 1268 2890 castra
1296 2824 1445 2892 Labieni

388 2927 678 3009 oppugnaturum!
723 2927 820 3010 Quae
835 2927 905 2992 fieri
920 2927 1009 3006 velit,
1024 2929 1194 3012 praecipit

434 3028 708 3108 Labicanarum
736 3041 769 3096 et
794 3030 857 3097 loci
884 3043 1003 3098 natura
1027 3041 1062 3097 et
1086 3053 1186 3098 manu
1211 3033 1444 3099 munitissimis
1456 3035 1492 3091 at

389 3134 506 3202 castris
535 3154 607 3199 eme
636 3144 773 3212 teneret,
799 3136 842 3200 de
872 3155 934 3201 suo
963 3156 1003 3201 ac
1026 3135 1165 3220 legionis
1187 3136 1331 3221 periculo
1356 3135 1443 3201 nihil

389 3240 552 3314 timebat;
573 3257 729 3321 nequam
749 3238 955 3304 occasionem
980 3240 1026 3303 rei
1042 3239 1128 3305 bene
1146 3242 1312 3324 gerendae
1326 3241 1442 3305 dimit·
1593 3317 1594 3322 ἵ

389 3356 483 3424 teret,
506 3342 684 3425 cogitabat
731 3339 849 3424 Itaque
869 3360 890 3405 a
913 3340 1124 3427 Cingetorige
1145 3354 1248 3427 atque
1269 3345 1339 3409 eius
1361 3363 1467 3427 pro-¹
1593 3335 1594 3344 ’

388 3449 519 3534 pinquis
537 3447 686 3511 oratione
710 3444 927 3512 Indutiomari
950 3448 1093 3529 cognita,
1114 3467 1217 3531 quarn
1240 3449 1273 3512 in
1297 3449 1440 3512 concilio
1593 3451 1594 3456 ’

388 3553 559 3628 habuerat,
574 3550 706 3615 nuntios
722 3549 827 3616 mittit
840 3549 883 3614 ad
904 3548 1061 3614 finitimas
1076 3550 1227 3615 civitates
1245 3552 1440 3635 equitesque

390 3657 535 3741 undique
564 3664 704 3734 evocat3
738 3653 789 3718 his
822 3663 948 3719 certum
981 3654 1072 3719 diem
1101 3653 1315 3720 conveniendi
1345 3655 1439 3720 dicit

390 3757 528 3823 Interim
543 3778 648 3843 prope
667 3758 790 3824 cotidie
811 3778 887 3824 cum
907 3757 996 3823 omni
1016 3758 1167 3842 equitatu
1188 3758 1465 3825 Indutiomarusa

421 3948 467 3994 bd.
486 3949 500 4006 ς
521 3959 543 3996 1.
567 3953 705 3998 armatum
724 3950 887 3998 oonolllum„
937 3947 1027 3997 armati
1040 3948 1089 4010 (ita
1103 3962 1159 3998 moa
1171 3948 1253 4013 gentis
1265 3948 1328 4011 erat)
1341 3949 1368 3998 in
1378 3963 1437 3999 coo·

388 4010 437 4075 Cp.
453 4008 507 4061 Lir.
523 4013 574 4062 xxi.
589 4018 654 4073 ao,§
674 4025 685 4062 1
705 4013 750 4064 ‘lu
766 4013 807 4063 hia
823 4030 889 4064 nova
937 4013 1023 4065 cilium
1034 4011 1169 4064 venerunt’

389 4075 554 4140 terribiliaque
573 4078 667 4140 species
685 4078 738 4128 risa
756 4087 801 4137 est,
820 4078 888 4143 quod
972 4082 1021 4142 §a
1039 4094 1134 4137 supra.
1168 4082 1257 4143 Ma.
