3234 5134
218 644 286 711 ns]
460 645 513 696 os
535 644 657 697 estro
683 644 852 697 caturco.
903 643 1028 697 trev
1210 634 1268 716 165

219 804 341 872 Meldis
365 806 472 873 sactae
496 817 599 884 erant,
622 815 824 890 tempestate
842 806 980 873 reiectas
1002 825 1133 872 cursum
1155 809 1330 872 teneresore
1339 810 1437 889 leaving

219 930 286 974 non
303 911 449 993 potuisse
468 921 570 995 atque
589 911 718 989 eodem,
734 910 824 975 unde
845 919 939 975 erant
963 911 1139 994 proiectae,
1158 930 1265 975 rever·
1277 874 1316 927 ‘⁰³
1333 877 1435 927 Bnreur

218 1014 316 1094 tisse3
342 1014 484 1098 reliquas
508 1024 642 1098 paratas
667 1013 710 1078 ad
737 1013 962 1098 navigandum
987 1023 1090 1098 atque
1111 1014 1266 1081 omnibus

189 1121 316 1187 erebus
331 1119 506 1184 instructas
520 1119 652 1183 invenit
692 1117 822 1183 Eodem
838 1118 1005 1200 equitatus
1020 1117 1123 1183 totius
1136 1116 1267 1185 Galliae

217 1223 372 1289 convenit
385 1244 522 1288 numero
538 1222 666 1287 milium
681 1231 841 1306 quattuor
856 1222 1085 1306 principesque
1099 1243 1144 1287 ex
1158 1223 1266 1288 omni·

188 1328 281 1391 ebus
309 1327 520 1407 civitatibus;
552 1348 596 1391 ex
625 1326 746 1410 quibus
775 1345 969 1410 perpaucos,
995 1346 1136 1410 quorum
1166 1326 1201 1392 in
1229 1348 1267 1392 se

218 1428 319 1496 fidem
335 1440 561 1515 perspexerat,
570 1431 755 1514 relinquere
770 1429 805 1494 in
822 1427 942 1511 Gallia,
951 1430 1096 1513 reliquos
1110 1430 1264 1497 obsidum

217 1533 292 1598 loco
313 1555 426 1599 secum
448 1538 568 1601 duoere
589 1535 789 1613 decreverat,
811 1535 912 1618 quod,
934 1555 1012 1599 cum
1033 1535 1105 1618 ipse
1126 1536 1265 1615 abesset,

218 1645 347 1702 motum
363 1637 491 1703 Galliae
506 1641 691 1704 verebatur.

183 1748 204 1802 θ
251 1741 343 1807 Erat
360 1763 425 1807 una
443 1763 518 1807 cum
541 1744 659 1809 ceteris
674 1742 866 1807 Dumnorix
879 1741 1032 1824 Aeduus,
1046 1742 1089 1808 de
1103 1762 1170 1826 quo
1185 1753 1263 1808 ante
1275 1757 1414 1834 Dumnorix

217 1846 260 1909 ab
286 1844 382 1912 nobis
405 1846 532 1912 dictum
556 1857 616 1912 est
664 1846 764 1913 Hunc
793 1866 905 1911 secum
935 1845 1057 1911 habere
1086 1847 1120 1910 in
1146 1847 1263 1929 primis
1274 1831 1319 1889 ⁸⁰¹
1330 1824 1368 1873 ¹¹⁶
1380 1825 1414 1873 οἱ·

216 1950 439 2030 constituerat,
454 1952 545 2034 quod
567 1971 644 2015 eum
667 1950 826 2035 cupidum
849 1970 959 2015 rerum
981 1971 1150 2030 novarum,
1170 1951 1264 2034 cupi-

216 2054 296 2118 dum
312 2055 455 2138 imperii,
470 2055 582 2139 magni
596 2055 709 2137 animi,
725 2075 867 2139 magnae
889 2054 976 2121 inter
990 2053 1106 2121 Gallos
1121 2054 1263 2120 auctori·

189 2158 296 2223 atatis
325 2166 536 2243 cognoverat.
590 2158 787 2225 Accedebat
819 2159 894 2241 huc,
923 2160 1015 2242 quod
1053 2159 1087 2223 in
1123 2159 1265 2225 concilio

215 2258 413 2328 Aeduorum
440 2263 629 2327 Dumnorix
656 2263 798 2343 dixerat,
822 2262 887 2330 sibi
913 2284 934 2327 a
960 2263 1101 2329 Caesare
1126 2279 1263 2347 regnum

215 2362 360 2428 civitatis
382 2362 521 2440 deferri3
546 2365 637 2445 quod
659 2362 786 2427 dictum
809 2362 923 2428 Aedui
945 2364 1089 2446 graviter
1114 2361 1264 2428 serebant

216 2486 324 2549 neque
345 2465 514 2532 recusandi
537 2475 597 2531 aut
620 2466 821 2549 deprecandi
841 2485 941 2532 causa
960 2465 1091 2551 legatos
1110 2466 1154 2530 ad
1178 2466 1263 2531 Cae·

215 2591 322 2636 sarem
346 2572 478 2636 mittere
493 2571 671 2636 audebant
717 2571 757 2636 Id
778 2570 904 2636 factum
923 2590 967 2635 ex
989 2570 1057 2635 suis
1075 2569 1263 2653 hospitibus

188 2674 338 2739 ³Caesar
353 2683 563 2759 cognoverat
611 2675 673 2740 llle
688 2675 843 2741 omnibus
859 2674 968 2758 primo
984 2674 1135 2757 precibus
1150 2683 1263 2757 petere

215 2780 395 2854 contendit,
411 2780 498 2845 utin
515 2777 625 2843 Gallia
640 2779 886 2862 relinqueretur,
901 2778 1032 2862 partim,
1046 2779 1137 2861 quod
1153 2778 1262 2843 insue-

214 2892 270 2947 tus
292 2883 472 2966 navigandi
499 2904 590 2949 mare
612 2884 755 2962 timeret,
778 2883 912 2966 partim,
934 2881 1024 2965 quod
1050 2880 1263 2964 religionibus

186 2987 368 3072 timpediri
398 3006 470 3052 sese
496 2988 632 3054 diceret.
686 2987 908 3071 Posteaquam
939 2987 974 3052 id
1004 2985 1172 3052 obstinate
1199 2986 1262 3051 sibi

215 3092 328 3176 negari
351 3092 443 3168 vidit,
473 3092 564 3156 omni
594 3112 654 3176 spe
683 3092 884 3176 impetrandi
909 3093 1068 3175 adempta
1098 3091 1263 3174 principes

216 3192 345 3260 Galliae
370 3195 555 3273 sollicitare,
577 3216 731 3261 sevocare
756 3196 906 3281 singulos
929 3195 1121 3278 hortarique
1143 3194 1261 3276 coepit,

187 3300 264 3366 5uti
281 3300 315 3364 in
335 3300 517 3365 continenti
536 3310 765 3378 remanerent3
788 3312 879 3367 metu
898 3301 1068 3366 territare:
1092 3304 1177 3362 ‘non
1190 3297 1262 3361 sine

215 3422 314 3468 causa
329 3402 411 3482 fieri,
424 3413 462 3468 ut
478 3403 588 3469 Gallia
602 3406 694 3469 omni
710 3405 888 3469 nobilitate
903 3402 1120 3487 spoliaretur3
1138 3400 1172 3465 id
1189 3420 1262 3465 esse

214 3507 386 3572 consilium
410 3506 571 3585 Caesaris,
588 3517 634 3588 ut,
649 3528 733 3591 quos
753 3508 787 3572 in
804 3517 984 3592 conspectu
1009 3504 1138 3571 Galliae
1160 3505 1261 3568 inter·

214 3609 311 3674 ficere
344 3621 520 3693 vereretur,
549 3612 611 3677 hos
640 3632 756 3676 omnes
787 3611 821 3675 in
854 3610 1059 3675 Britanniam
1090 3609 1261 3674 traductos

185 3713 376 3791 enecaret'3
393 3714 492 3780 fidem
502 3715 636 3799 reliquis
648 3717 866 3801 interponere,
877 3715 1101 3780 iusiurandum
1113 3733 1259 3797 poscere,

213 3829 259 3897 ut,
269 3820 361 3903 quod
376 3839 449 3884 esse
464 3839 508 3883 ex
523 3841 585 3885 usu
598 3818 727 3886 Galliae
738 3819 991 3901 intellexissent,
1000 3818 1168 3883 communi
1179 3837 1259 3884 con·

242 3998 710 4061 e.tr.tnuoldir.nbontMeanx
794 4003 849 4062 53.
866 3998 1151 4057 qnod...dtoer0r.
1184 3998 1202 4047 i.
1220 4011 1260 4060 23,

210 4063 707 4192 ingepdffiffimfflmfflm
760 4069 811 4129 53.
