3234 5134
198 630 282 697 im]
441 630 495 682 DE
516 630 640 683 amo
665 630 833 684 asuleo.
886 631 956 683 LIB.
982 632 1000 683 1
1209 635 1250 703 33

201 791 358 871 Helvetii,
373 793 431 876 qui
453 794 487 859 in
509 802 657 859 montem
680 813 753 860 sese
775 804 976 877 receperant,
992 813 1104 859 rursus
1126 793 1249 859 instare

200 906 234 961 et
257 896 420 980 proelium
444 898 665 981 redintegrare
687 907 876 981 coeperunt
922 898 1069 963 Romani
1093 918 1250 963 conversa

173 1001 297 1083 rsigna
318 1000 479 1086 bipartito
505 1001 706 1067 intulerunt:
736 1001 845 1085 prima
868 1010 902 1066 et
924 1003 1071 1066 secunda
1095 1001 1191 1079 acies,
1213 1009 1250 1065 ut

201 1105 297 1170 victis
321 1124 361 1170 ac
386 1105 563 1171 summotis
590 1106 766 1183 resisteret,
791 1105 899 1184 tertia,
926 1116 963 1172 ut
988 1105 1156 1171 venientes
1180 1126 1252 1172 sus-

202 1209 334 1274 tineret.

146 1327 190 1380 26
246 1312 300 1377 Ita
323 1313 461 1397 ancipiti
484 1313 610 1396 proelio
633 1313 690 1378 diu
712 1322 816 1396 atque
838 1313 956 1378 acriter
979 1323 1166 1397 pugnaturn
1189 1322 1250 1378 est.

204 1415 340 1482 Diutius
360 1437 436 1482 curn
456 1416 619 1482 sustinere
642 1418 830 1483 nostrorum
853 1419 996 1501 impetus
1019 1438 1084 1481 non
1104 1428 1251 1502 possent,

203 1520 297 1585 alteri
319 1542 364 1601 se,
380 1531 417 1586 ut
440 1531 625 1606 coeperant,
643 1522 675 1585 in
699 1533 849 1587 montem
871 1531 1074 1606 receperunt,
1091 1508 1186 1587 alte'ri
1208 1522 1251 1587 ad

175 1625 445 1708 aimpedimenta
464 1635 499 1690 et
519 1645 629 1690 carros
652 1645 730 1691 suos
751 1647 788 1691 se
809 1624 1031 1691 contulerunt.
1077 1624 1166 1690 Nam
1189 1625 1253 1689 hoc

204 1738 278 1795 toto
288 1728 426 1812 proelio,
438 1748 513 1793 cum
525 1729 569 1793 ab
580 1728 663 1793 hora
674 1730 817 1812 septima
827 1730 871 1794 ad
882 1748 1056 1811 vesperum
1067 1739 1253 1812 pugnatum

176 1833 258 1911 ssit,
279 1852 431 1899 aversum
452 1833 584 1898 hostem
608 1833 719 1897 videre
744 1852 843 1899 nemo
866 1833 1003 1915 potuit„
1031 1831 1089 1897 Ad
1115 1831 1253 1897 mtsstam

205 1945 338 2002 noctem
353 1936 456 2002 etiam
474 1938 518 2001 ad
539 1936 776 2019 impedimenta
794 1946 981 2020 pugnaturn
1001 1947 1062 2015 est,
1078 1945 1255 2020 propterea
1300 1968 1306 1977 ·

207 2040 297 2125 quod
318 2061 379 2124 pro
398 2039 486 2105 vallo
506 2060 616 2106 carros
637 2040 829 2105 obiecerant
850 2050 885 2106 et
905 2060 924 2104 e
943 2041 1018 2106 loco
1036 2029 1255 2124 superiorein

207 2155 336 2210 nostros
364 2138 535 2211 venientes
567 2144 636 2208 tela
652 2144 886 2224 coniciebant,
921 2155 956 2209 et
986 2145 1137 2210 nonnulli
1170 2145 1256 2211 inter

207 2270 317 2316 carros
347 2258 503 2330 rotasque
516 2237 520 2243 ’
533 2257 677 2313 mataras
705 2267 758 2312 ac.
771 2248 918 2333 tragulas
943 2238 1152 2337 subiciebant
1178 2269 1257 2314 nos·

178 2364 341 2436 strosque
354 2345 580 2417 vulnerabant.
598 2352 601 2359 ’
626 2351 695 2416 Diu
710 2372 786 2417 cum
802 2362 889 2418 esset
906 2362 1101 2438 pugnatum,
1116 2352 1256 2436 impedi·

209 2457 329 2523 mentis
341 2456 522 2539 castrisque
537 2456 640 2521 nostri
655 2455 754 2540 potiti
768 2465 855 2520 sunt.
902 2457 954 2522 lbi
966 2457 1172 2542 Orgetorigis
1188 2455 1257 2520 filia

181 2574 310 2644 5atque
333 2581 417 2625 unus
440 2580 459 2624 e
483 2558 559 2623 filiis
583 2569 700 2643 captus
723 2569 783 2625 est.
829 2560 886 2624 Ex
909 2580 950 2625 eo
976 2560 1105 2645 proelio
1131 2560 1258 2624 circiter
1271 2574 1365 2651 Frigus,

209 2665 381 2730 hominurn
412 2661 504 2727 milia
533 2676 635 2727 cxxx
664 2663 895 2746 superfuerunt
923 2683 1029 2747 eaque
1057 2672 1130 2729 tota
1161 2646 1374 2730 nocteP¹¹¹⁸¹¹¹¹r

244 2886 289 2935 20.
303 2887 316 2944 t
331 2896 353 2933 a.
369 2884 623 2940 whorssenttma
646 2878 712 2929 Both
759 2879 941 2946 adescsiption
955 2880 985 2932 oi
996 2881 1085 2947 slight
1095 2882 1157 2933 with
1169 2882 1258 2943 onus,

211 2949 260 3013 day
277 2949 326 2999 and
342 2949 367 2998 nl
385 2948 414 2998 ht
429 2963 487 2998 amo
541 2947 583 2997 the
600 2946 712 2995 Romans
758 2963 796 2997 we
804 2947 883 2996 have‘
888 2946 961 2997 laevo
969 2947 1073 2998 humero
1081 2948 1171 2999 matari
1181 2964 1260 3014 prope

212 3030 275 3065 were
286 2965 386 3065 divinefi
397 3015 450 3063 into
458 3021 507 3063 twe
516 3028 546 3063 ve
553 3011 711 3088 equslpsrts,
758 3010 880 3063 traiecto?
901 3013 957 3088 The
964 3029 1068 3080 weupon
1077 3029 1129 3064 was
1139 3013 1259 3078 regarded

213 3079 294 3131 eslled
310 3077 416 3140 ‘horse,’
428 3079 470 3130 the
487 3077 573 3143 length
588 3075 617 3126 oi
629 3075 712 3126 which
758 3094 787 3128 as
808 3078 988 3129 chanetenstic
1010 3079 1040 3129 oi
1059 3079 1102 3130 the
1122 3079 1210 3140 Gauls,
1230 3095 1259 3129 so

212 3146 297 3195 varied
310 3144 371 3195 with
387 3144 430 3195 the
444 3160 531 3195 seusun
546 3142 576 3193 oi
588 3142 630 3191 the
645 3156 711 3206 year.
759 3143 814 3194 that
825 3144 852 3194 in
863 3143 906 3194 the
916 3145 958 3194 Ad
968 3144 1120 3195 Herennium
1133 3147 1176 3209 (iv.
1189 3149 1202 3205 ὁ
1214 3145 1258 3208 43)

213 3211 277 3261 This
298 3225 349 3261 was
371 3210 412 3260 the
435 3210 494 3260 civil
519 3207 662 3271 rechoning‚
683 3222 713 3256 as
759 3225 849 3261 weare
863 3210 1064 3287 presentedwith
1078 3210 1121 3262 the
1131 3210 1193 3261 lollo
1217 3210 1224 3222 “

214 3276 326 3341 opposed
344 3283 371 3325 to
390 3275 433 3326 the
452 3274 561 3340 military
577 3271 713 3337 rechonlng
760 3291 788 3326 ss
812 3291 846 3325 an
869 3284 979 3325 msunce
1007 3276 1037 3325 ol
1060 3276 1103 3327 the
1128 3275 1217 3326 rheto'

213 3343 249 3406 by
272 3339 401 3406 ‘vigiliae’
442 3340 490 3391 C.
517 3343 592 3402 ιω
623 3352 636 3387 a
666 3337 712 3388 ‘de
760 3340 938 3405 figureoalled
958 3340 1172 3391 ‘denominatio':
1198 3343 1261 3389 ‘nec

212 3408 287 3458 tertis
301 3404 408 3472 vigilia!
441 3357 524 3457 There
539 3421 581 3456 are
686 3418 714 3453 es
760 3406 1053 3457 tamenfscileexltalia
1061 3406 1161 3457 materis
1169 3405 1260 3454 Trans·

214 3475 240 3523 in
257 3473 299 3523 the
316 3473 413 3523 ancient
428 3473 523 3522 writers
537 3470 587 3521 whi
633 3469 714 3534 imply
752 3470 848 3537 'alpina
861 3471 1103 3538 (-Galli)depulss
1117 3469 1171 3521 est’
1204 3470 1261 3519 The

215 3539 350 3589 adiilerent
359 3536 444 3603 length
455 3537 484 3587 oi
490 3537 715 3588 hoursinsummer
760 3538 829 3588 word
849 3537 894 3588 has
910 3537 971 3588 been
991 3537 1101 3586 restored
1117 3538 1143 3585 in
1161 3535 1260 3597 Strabo,

214 3605 264 3655 and
282 3606 376 3654 winter.
411 3603 482 3653 Thus
499 3603 618 3668 vegetius
639 3600 667 3659 ti.
685 3600 713 3664 9)
761 3604 793 3654 iv.
817 3620 843 3667 4,
866 3607 880 3662 ς
903 3616 919 3664 3
942 3603 975 3666 by
992 3617 1023 3649 au
1047 3601 1139 3652 almost
1167 3602 1261 3652 certain

214 3686 271 3734 says
285 3670 338 3720 that
355 3677 382 3720 at
397 3668 440 3719 the
456 3669 572 3732 ordinary
586 3665 716 3728 marching
761 3669 908 3733 conjecture,
932 3666 973 3716 nul
997 3665 1098 3728 μάταρις
1119 3665 1215 3715 menri
1236 3683 1260 3715 τι

214 3752 277 3802 pace
295 3735 426 3801 (militari
440 3732 545 3800 gradu')
563 3749 620 3783 men
636 3730 716 3794 ought
762 3731 832 3784 «tta.
867 3734 917 3784 For
929 3730 1055 3797 ‘tragula'
1067 3749 1106 3798 cp.
1119 3749 1141 3783 v.
1155 3732 1262 3795 35,56;

214 3810 242 3853 to
257 3817 330 3852 cover
345 3804 439 3864 twenty
454 3799 534 3861 miles,
547 3798 629 3849 ‘horis
643 3794 715 3861 quin·
762 3799 804 3863 48,
817 3803 830 3860 ς
843 3812 874 3860 5:
892 3798 922 3849 C.
939 3798 956 3848 i.
967 3802 1034 3863 yffi
1049 3810 1078 3848 ²:
1096 3798 1151 3850 Lis.
1165 3799 1215 3850 xxi.
1236 3808 1261 3863 7,

231 3883 262 3918 ue
283 3866 413 3916 dumtaxat
434 3864 550 3916 aestivis'
590 3865 639 3929 Cp.
662 3860 715 3911 Cle.
763 3869 831 3926 510,
843 3868 889 3915 &a

238 3933 438 3994 oscAm.§19.
798 3934 854 3993 54.
877 3932 1052 3993 ortatorlsls
1072 3933 1141 3981 mla
1174 3929 1262 3981 Wiie's

215 3996 718 4114 ‘waes
762 3996 880 4126 tert
900 3995 1047 4047 ”uu
1086 3995 1133 4047 ³0²
1151 4011 1177 4063 ⁹·
1199 4002 1211 4058 ⁵

215 4128 274 4193 only
288 4129 354 4180 um.
386 4127 417 4179 rn
436 4128 716 4194 Livy‚v1124,53,in
796 4097 847 4194 35.
864 4125 1123 4190 summurn
