3234 5134
398 565 460 628 214
743 556 775 610 c.
800 557 898 609 rurrr
921 556 1111 609 cassatus
1374 557 1425 624 [ιι
1441 570 1467 606 ι-

233 735 384 790 comm
397 719 554 787 differant
573 719 637 784 hae
656 719 809 784 nationes
829 718 917 785 inter
937 739 1021 799 sese,
1039 739 1233 804 proponere
1293 720 1341 784 In
1360 717 1489 784 Gallias

262 801 306 845 ¹²
287 799 352 937 Gn
331 845 464 936 ¹²¹non
478 823 611 888 solum
601 843 635 887 ιιι
650 824 805 890 omnibus
816 823 1006 890 civitatibus
1017 833 1117 907 atque
1131 823 1166 889 in
1181 824 1362 889 omnibus
1378 824 1469 907 pag’u

240 888 367 1002 1120
364 920 656 1015 [partibusque]‚
686 927 746 992 sed
781 947 889 1013 paene
921 929 1023 993 etiam
1056 928 1089 991 in
1124 928 1267 1011 singulis
1303 927 1468 993 domibus

232 1044 347 1092 lacrima
361 1045 385 1092 in
399 1031 558 1096 factiones
582 1041 671 1108 sunt,
694 1051 874 1116 earumque
899 1031 1080 1097 factionum
1103 1032 1274 1117 principes
1301 1043 1396 1097 sunt
1417 1030 1491 1113 quii

230 1108 306 1158 ⁶²⁰¹
399 1155 563 1200 summam
581 1136 813 1201 auctoritatem
832 1155 947 1201 eorum
968 1136 1092 1202 iudicio
1109 1136 1232 1201 habere
1251 1137 1469 1201 existiman·

398 1251 461 1318 tur,
479 1259 619 1323 quorum
642 1240 686 1305 ad
708 1240 879 1305 arbitrium
901 1240 1124 1324 iudiciumque
1145 1260 1281 1305 summa
1305 1241 1467 1305 omnium

397 1361 507 1407 rerum
539 1343 819 1427 consiliorumque
849 1344 973 1410 redeat.
1019 1342 1139 1427 Itaque
1167 1345 1239 1410 eius
1269 1345 1328 1409 rei
1366 1355 1491 1407 causat

396 1447 578 1531 antiquitus
599 1448 787 1512 institutum
810 1448 950 1527 videtur,
973 1449 1111 1532 nequis
1134 1468 1180 1513 ex
1206 1447 1313 1533 plebe
1345 1459 1468 1513 contra

395 1552 618 1635 potentiorem
638 1550 754 1615 auxilii
775 1562 906 1634 egeret:
929 1572 1008 1617 suos
1028 1552 1117 1616 enirn
1137 1553 1281 1636 quisque
1304 1548 1466 1637 opprimi

396 1667 430 1721 et
445 1655 673 1721 circumveniri
691 1675 758 1720 non
778 1656 914 1739 patitur,
929 1675 1048 1740 neque,
1063 1656 1160 1721 aliter
1173 1657 1201 1721 si
1216 1657 1335 1732 iaciat,
1354 1655 1463 1720 ullam

396 1760 482 1825 inter
503 1780 581 1825 suos
603 1759 705 1825 habet
730 1760 976 1825 auctoritatem.
1021 1759 1116 1824 Haec
1140 1762 1258 1825 eadem
1285 1761 1387 1825 ratio
1413 1766 1487 1821 ests

396 1864 430 1928 iu
453 1884 585 1929 summa
611 1864 714 1928 totius
738 1861 889 1940 Galliae3
921 1883 1066 1947 namque
1089 1884 1207 1930 omnes
1232 1863 1402 1930 civitates
1426 1861 1459 1925 in

396 1977 509 2050 partes
531 1965 655 2033 divisae
676 1975 754 2032 sunt
776 1968 869 2032 duas.

226 2073 373 2201 filiiflii„
438 2069 526 2189 ,cum
565 2068 736 2135 Caesar
727 2090 761 2134 ιιι
799 2070 944 2136 Galliam
981 2071 1079 2149 venit,
1115 2071 1249 2138 alterius
1289 2069 1501 2137 factionisu

227 2204 294 2254 uani
395 2194 560 2260 pnncrpes
586 2183 680 2240 erant
704 2174 827 2250 Aedui,
851 2173 985 2239 alterius
1010 2173 1164 2258 Sequani.
1209 2175 1257 2240 Hi
1283 2196 1369 2241 cum
1395 2189 1478 2257 ρει1
1590 2243 1591 2262 ¹

226 2270 361 2384 &4⁸:2¹²
395 2299 432 2344 sc
447 2279 556 2343 minus
567 2278 713 2344 valerent
716 2279 824 2363 ,quod
840 2299 971 2344 summa
982 2280 1160 2346 auctoritas
1173 2281 1364 2363 antiquitus
1380 2286 1454 2343 erat

226 2402 322 2459 arrival,
394 2383 428 2446 in
444 2380 576 2447 Aeduis
591 2403 799 2468 magnaeque
814 2403 929 2448 eorum
945 2393 1038 2448 erant
1056 2383 1239 2462 clientelae,
1254 2382 1450 2449 Germanos

393 2497 496 2571 atque
511 2487 718 2552 Ariovistum
734 2488 799 2553 sibi
817 2488 1040 2553 adiunxerant
1058 2507 1182 2572 eosque
1199 2489 1242 2553 ad
1260 2505 1298 2552 se
1313 2485 1450 2570 magnis

392 2591 525 2656 iactmis
545 2591 907 2676 pollicitationibusque
929 2592 1163 2674 perduxerant.
1209 2592 1346 2658 Proeliis
1366 2607 1472 2657 veros
1590 2585 1591 2592 '

392 2695 618 2778 compluribus
635 2694 729 2763 iactis
741 2697 895 2762 secundis
905 2705 1008 2779 atque
1019 2697 1110 2761 omni
1121 2697 1293 2762 nobilitate
1302 2697 1448 2762 Aeduo-

393 2819 465 2862 rum
478 2798 650 2864 interiecta
661 2810 792 2865 tanturn
809 2801 960 2883 potentia
971 2811 1226 2882 antecesserant,
1238 2812 1274 2867 ut
1284 2817 1444 2885 magnam
1457 2815 1472 2862 4
1590 2765 1591 2788 ³

392 2911 521 2985 partem
540 2902 711 2967 clientium
730 2903 774 2967 ab
788 2903 919 2969 Aeduis
938 2905 981 2968 ad
1001 2925 1039 2970 se
1059 2906 1273 2971 traducerent
1292 2906 1445 2970 obsides-

391 3024 457 3088 que
476 3005 520 3070 ab
540 3005 580 3068 iis
601 3006 787 3089 principum
811 3005 897 3071 filios
917 3008 1104 3091 acciperent
1124 3020 1158 3074 et
1180 3009 1311 3093 publice
1332 3009 1444 3074 iurare

391 3118 547 3194 cogerent
574 3108 656 3172 nihil
682 3130 718 3174 se
744 3119 861 3174 contra
886 3109 1060 3194 Sequanos
1084 3113 1210 3178 consilii
1236 3114 1382 3188 inituros,
1409 3121 1443 3175 et

392 3224 521 3298 partem
554 3212 685 3277 finitimi
715 3213 785 3297 agri
820 3234 880 3298 per
909 3216 976 3281 vim
1005 3226 1201 3299 occupatam
1233 3218 1443 3300 possiderent

392 3317 586 3400 Galliaeque
603 3317 706 3382 totius
723 3317 946 3402 principatum
967 3321 1165 3384 obtinerent.
1206 3320 1283 3404 Qua
1298 3321 1468 3385 necessi-5

390 3432 462 3487 tate
483 3422 647 3488 adductus
671 3421 856 3488 Divitiacus
877 3423 992 3487 auxilii
1015 3424 1152 3508 petendi
1172 3444 1272 3488 causa
1293 3424 1440 3490 Romam

229 3539 262 3600 wr>
276 3540 376 3592 atterit
392 3525 435 3589 ad
451 3536 603 3591 senatum
624 3525 791 3609 profectus
812 3526 1004 3611 imperfecta
1025 3548 1060 3592 re
1082 3528 1234 3593 redierat.
1278 3528 1467 3593 Adventui

393 3627 544 3696 Caesaris
570 3631 658 3697 sacta
684 3632 947 3696 commutatione
973 3652 1091 3710 rerum,
1115 3631 1287 3697 obsidibus
1312 3631 1441 3697 Aeduis

392 3732 538 3809 redditis,
565 3734 730 3799 veteribus
760 3734 921 3800 clientelis
951 3736 1119 3811 restitutis,
1151 3738 1247 3801 novis
1273 3756 1332 3821 per
1356 3734 1440 3801 Cae

391 3852 499 3897 sarem
522 3839 731 3923 comparatis,
746 3840 837 3923 quod
860 3839 905 3917 hi,
919 3839 976 3923 qui
997 3861 1033 3905 se
1054 3841 1097 3905 ad
1120 3859 1234 3905 eorum
1257 3840 1439 3905 amicitiam

391 3951 660 4022 aggregaverant,
670 3942 804 4008 meliore
814 3943 1009 4008 condicione
1019 3952 1120 4027 atque
1131 3945 1288 4027 aequiore
1299 3944 1440 4026 imperio

667 4063 929 4122 inquinationis
962 4063 1154 4128 Cilibia·
