3234 5134
399 658 461 720 270
745 650 774 703 c
800 649 897 703 nun
920 649 1108 704 CAESARIS
1347 648 1457 715 [aas

400 816 569 883 consilium
593 814 696 880 totius
719 813 849 879 Galliae
871 812 1075 890 effecturum,
1098 813 1190 877 cuius
1211 812 1387 877 consensui
1409 831 1452 874 ne

399 920 488 986 orbis
508 920 643 1002 quidem
662 928 822 984 terrarum
844 920 947 1003 possit
967 919 1147 994 obsistere3
1169 917 1268 1001 idque
1287 937 1325 980 se
1346 934 1452 1000 prope

401 1025 466 1089 iarn
482 1022 635 1089 effectum
650 1023 782 1088 habere.
828 1024 960 1089 Interea
980 1042 1123 1106 aequum
1144 1041 1217 1085 esse
1236 1021 1280 1084 ab
1300 1020 1341 1083 iis
1359 1035 1477 1084 corn-r

400 1127 507 1192 munis
521 1127 635 1191 salutis
655 1147 753 1193 causa
774 1128 952 1210 impetrari,
966 1136 1005 1190 ut
1025 1137 1133 1191 castra
1153 1125 1279 1188 munire
1298 1124 1450 1189 institue-

401 1240 483 1311 rent,
493 1252 561 1315 quo
576 1231 701 1296 facilius
716 1232 905 1316 repentinos
919 1231 1063 1296 hostium
1075 1231 1218 1314 impetus
1230 1227 1450 1292 sustinerent!

232 1332 311 1407 urent
323 1331 353 1380 Οἱ
446 1335 522 1399 Fuit
541 1335 623 1399 haec
642 1336 749 1400 oratio
768 1355 835 1399 non
856 1335 986 1419 ingrata
1005 1333 1118 1417 Gallis,
1133 1343 1168 1397 et
1187 1333 1344 1412 maxime,
1358 1334 1450 1415 quod
1461 1329 1499 1384 ⁸⁰

231 1399 270 1446 ω’
280 1396 376 1461 m
401 1438 472 1522 ipse
486 1439 598 1504 animo
614 1460 680 1503 non
692 1439 855 1504 defecerat
866 1448 961 1503 tanto
972 1447 1109 1523 accepto
1119 1436 1330 1502 incommodo
1342 1456 1450 1520 neque

398 1562 435 1607 se
461 1543 494 1606 in
524 1542 691 1607 occultum
720 1542 895 1607 abdiderat
924 1552 959 1606 et
987 1552 1200 1624 conspectum
1232 1540 1451 1605 multitudinis

398 1644 545 1732 fugerat3
576 1647 717 1731 plusque
739 1646 849 1710 animo
875 1647 1049 1732 providere
1073 1656 1108 1710 et
1132 1645 1334 1729 praesentire
1359 1646 1473 1708 exis-²

397 1751 587 1833 timabatur,
608 1751 699 1832 quod
723 1771 757 1814 re
783 1749 910 1834 integra
933 1750 1039 1834 primo
1063 1750 1303 1814 incendendum
1326 1747 1448 1812 Avari·

397 1875 484 1937 cum,
498 1863 575 1938 post
591 1855 809 1920 deserendum
830 1865 1010 1920 censuerat.
1057 1854 1174 1939 Itaque
1189 1864 1227 1918 ut
1247 1854 1473 1936 reliquoruma

399 1960 637 2041 imperatorum
667 1977 719 2023 res
753 1958 911 2023 adversae
945 1958 1175 2023 auctoritatem
1209 1959 1370 2038 minuunt,
1400 1957 1447 2022 sic

397 2061 492 2126 huius
512 2083 556 2126 ex
576 2062 742 2127 contrario
764 2062 909 2146 dignitas
931 2061 1143 2126 incommodo
1164 2069 1303 2144 accepto
1325 2062 1359 2124 in
1373 2061 1446 2125 dies

396 2166 588 2249 augebatur.
633 2163 740 2230 Simul
763 2165 795 2229 in
819 2186 913 2249 spem
934 2165 1111 2231 veniebant
1133 2165 1202 2228 eius
1225 2163 1473 2229 affirmatione4

396 2271 440 2334 de
459 2269 591 2352 reliquis
611 2269 829 2353 adiungendis
850 2270 1053 2344 civitatibus3
1078 2269 1284 2352 primumque
1304 2288 1345 2332 eo
1361 2279 1445 2333 tem·

396 2393 477 2456 pore
492 2371 580 2438 Galli
604 2383 711 2439 castra
733 2374 861 2439 munire
882 2374 1091 2438 instituerunt
1113 2382 1147 2437 et
1167 2373 1214 2436 sic
1234 2382 1311 2436 sunt
1332 2373 1444 2436 animo

396 2477 580 2543 confirmati
603 2477 755 2543 homines
778 2477 896 2542 insueti
921 2477 1052 2558 laboris,
1072 2486 1110 2540 ut
1132 2478 1254 2558 omnia,
1273 2496 1361 2559 quae
1382 2476 1444 2539 im-

395 2592 595 2664 perarentur,
610 2580 672 2646 sibi
688 2582 845 2666 patienda
860 2580 1097 2646 existimarent

228 2696 358 2773 vegeinge
440 2686 512 2749 Nec
535 2686 652 2766 minus,
666 2705 767 2768 quam
790 2695 842 2750 est
865 2685 1038 2767 pollicitus,
1057 2683 1311 2767 Vercingetorix
1331 2685 1443 2749 animo
1457 2689 1490 2744 n

227 2769 384 2876 ffieffffl‘
396 2787 580 2867 laborabat,
609 2798 646 2853 ut
677 2788 819 2871 reliquas
847 2789 996 2853 civitates
1026 2789 1227 2871 adiungeret,
1256 2797 1357 2871 atque
1386 2808 1443 2852 eas

227 2893 328 2968 remae
341 2891 384 2942 1¹¹0
396 2891 494 2955 donis
524 2892 880 2976 pollicitationibusque
906 2891 1079 2958 alliciebat
1124 2892 1212 2957 Huic
1238 2893 1283 2956 rei
1308 2893 1468 2957 idoneos²

227 2967 345 3020 mm
395 2995 545 3059 homines
560 2996 739 3078 deligebat,
753 3018 894 3081 quorum
910 2998 1050 3081 quisque
1067 3007 1123 3061 aut
1141 2998 1288 3061 oratione
1302 2996 1443 3061 subdola

395 3109 453 3163 aut
476 3099 620 3163 amicitia
642 3099 797 3166 facillime
819 3121 937 3183 capere
959 3110 1082 3184 posset.
1126 3099 1194 3183 Qui
1215 3100 1360 3165 Avarico
1383 3118 1467 3165 erc-s

395 3213 544 3288 pugnato
556 3202 752 3288 refugerant,
762 3205 940 3269 armandos
947 3205 1204 3287 vestiendosque
1213 3214 1304 3270 curat
1312 3227 1320 3283 ;
1335 3205 1468 3286 simul,4

395 3317 432 3372 ut
457 3308 649 3372 deminutae
675 3308 790 3391 copiae
817 3309 1123 3393 redintegrarentur,
1150 3308 1291 3391 imperat
1317 3318 1441 3372 certum

394 3431 566 3476 numerum
590 3411 730 3475 militum
751 3412 946 3488 civitatibus,
960 3431 1059 3496 quem
1080 3422 1114 3476 et
1134 3432 1233 3495 quam
1254 3424 1334 3477 ante
1353 3414 1441 3477 diem
1566 3478 1567 3489 ,

394 3515 428 3579 in
443 3526 550 3582 castra
571 3515 692 3580 adduci
707 3515 795 3591 velit,
811 3516 1063 3599 sagittariosque
1077 3536 1201 3593 omnes,
1215 3536 1355 3599 quorum
1371 3530 1440 3581 erat
1566 3512 1567 3587 l

393 3639 594 3702 permagnus
619 3639 774 3684 numerus
800 3620 834 3682 in
859 3619 975 3698 Gallia,
998 3620 1143 3704 conquiri
1170 3628 1203 3683 et
1227 3619 1270 3683 ad
1294 3641 1330 3685 se
1356 3623 1439 3685 mitti

394 3722 494 3787 iubet.
541 3723 606 3787 His
629 3723 725 3788 rebus
747 3722 895 3788 celeriter
916 3725 960 3802 id,
980 3725 1070 3808 quod
1093 3723 1226 3787 Avarici
1248 3725 1440 3807 deperierat,

393 3825 557 3909 expletur.
605 3826 740 3891 Interim
770 3826 998 3907 Teutomatus,
1027 3826 1231 3892 Olloviconis
1261 3827 1357 3906 tilius,
1381 3850 1463 3901 rexs

420 4074 497 4125 urse.
544 4076 591 4127 see
619 4077 798 4143 aava
827 4080 893 4131 cone
942 4077 1070 4131 civiate&

392 4009 490 4126 ffftorix
501 4011 707 4075 ereetedbyhim
724 4013 892 4065 atsuxeine
975 4018 1016 4064 81.
1038 4018 1052 4073 ξ
1074 4029 1096 4066 a.
1121 4028 1230 4076 apem,
1254 4030 1289 4067 ae
1318 4014 1440 4082 ‘reliquas

393 4140 510 4192 summo!
