3234 5134
433 632 494 695 οφ
778 622 805 674 c
834 623 930 675 1er
953 622 1141 678 cassans
1381 623 1477 690 [esn-

433 787 637 870 quebantur;
659 785 801 865 Treveri,
814 786 905 870 quod
915 788 1052 853 aberant
1064 788 1192 873 longius
1205 798 1238 853 et
1248 788 1295 852 ab
1308 785 1477 852 Germanis

434 890 674 975 premebantur,
688 909 775 972 quae
797 891 858 956 luit
875 911 986 970 causa,
1003 912 1105 976 quare
1123 902 1195 957 toto
1217 892 1376 956 abessent
1397 888 1477 953 bello

265 1004 425 1058 Venuonof
434 1006 469 1061 et
483 994 607 1058 neutris
621 994 747 1059 auxilia
762 994 940 1062 mitterent
976 996 1102 1079 Magno
1119 995 1234 1061 dolore
1247 996 1364 1060 Aedui
1379 994 1498 1058 leruntt

265 1072 403 1123 ΜΝ·
434 1119 470 1163 se
491 1099 636 1165 deiectos
658 1099 855 1184 principatu,
878 1110 1057 1182 queruntur
1079 1098 1228 1165 fortunae
1251 1097 1479 1165 commutatio·

433 1222 509 1267 nem
539 1212 574 1268 et
600 1203 750 1268 Caesaris
777 1203 1017 1289 indulgentiam
1048 1205 1082 1267 in
1111 1224 1148 1268 se
1171 1205 1356 1287 requirunt,
1380 1220 1479 1283 neque

433 1318 545 1372 tamen
568 1317 723 1391 suscepto
745 1307 835 1373 bello
850 1327 945 1371 suum
968 1308 1141 1372 consilium
1164 1307 1208 1372 ab
1231 1307 1369 1391 reliquis
1391 1325 1477 1389 sepa·

433 1431 505 1475 rare
526 1411 659 1476 audent.
706 1411 804 1476 Inviti
827 1432 978 1477 summae
1002 1412 1073 1495 spei
1098 1411 1331 1477 adulescentes
1359 1410 1498 1493 lepore-⁹

434 1515 531 1578 dorix
545 1524 579 1579 et
593 1514 820 1580 Viridomarus
835 1514 1097 1599 Vercingetorigi
1113 1525 1240 1598 parent.

265 1625 392 1674 Matura
480 1618 557 1703 Ipse
582 1618 722 1703 imperat
747 1619 879 1700 reliquis
904 1618 1092 1684 civitatibus
1117 1620 1249 1684 obsides
1276 1618 1511 1699 dedendiquen

264 1686 398 1821 ffiss,
435 1722 605 1788 constituit
620 1723 729 1798 diem;
747 1723 789 1787 ad
805 1722 893 1787 hunc
908 1741 1024 1788 omnes
1039 1724 1175 1806 equites,
1187 1723 1380 1806 quindecim
1397 1719 1476 1783 milia

264 1822 338 1871 Μ»
434 1845 581 1903 numero,
592 1826 742 1891 celeriter
753 1827 930 1891 convenire
944 1827 1046 1891 iubet.
1074 1828 1257 1903 ‘Peditatu,
1270 1848 1373 1911 quem
1388 1836 1493 1889 antem

432 1930 601 2009 habuerat,
612 1951 649 1994 se
659 1930 729 1995 fore
740 1941 934 1997 contentum
943 1927 950 1954 '
959 1931 1048 2010 dicit,
1058 1937 1180 2014 ‘neque
1194 1932 1364 1996 fortunam
1379 1940 1473 2008 temp

432 2043 578 2100 taturum
597 2034 707 2100 autin
727 2034 798 2099 acie
818 2035 1061 2109 dimicaturum,
1076 2037 1146 2113 sed,
1161 2034 1319 2120 quoniam
1341 2032 1473 2098 abundet

432 2138 593 2222 equitatu,
616 2138 770 2220 perfacile
794 2159 867 2203 esse
892 2138 981 2202 lactu
1007 2138 1322 2204 frumentationibus
1349 2134 1472 2223 pabula·

431 2240 643 2324 tionibusque
673 2241 844 2306 Romanos
874 2242 1072 2324 prohibere;
1105 2263 1212 2325 aequo
1239 2244 1345 2307 modo
1374 2241 1489 2306 animos

432 2364 492 2409 sua
522 2345 584 2430 ipsi
615 2344 779 2412 frumenta
811 2355 1023 2429 corrumpant
1051 2345 1268 2429 aedificiaque
1299 2346 1471 2413 incendant

431 2468 499 2531 qua
529 2449 574 2513 rei
602 2448 772 2515 familiaris
798 2450 925 2515 iactura
951 2461 1147 2536 perpetuum
1178 2452 1358 2534 imperium
1389 2448 1488 2512 liber-4

432 2561 601 2637 ratemque
630 2574 667 2619 se
694 2555 853 2637 consequi
878 2551 1034 2620 videant!
1078 2554 1142 2619 His
1168 2557 1359 2621 constitutis
1389 2552 1489 2616 rebuss

432 2655 563 2722 Aeduis
579 2656 842 2741 Segusiauisque,
854 2660 911 2742 qui
927 2669 1003 2723 sunt
1016 2658 1146 2723 finitimi
1158 2660 1358 2743 provinciae,
1369 2659 1469 2722 decen

434 2761 524 2824 milia
547 2762 697 2845 peditum
722 2763 879 2845 imperat3
910 2762 975 2826 huc
997 2763 1092 2828 addit
1113 2764 1242 2846 equites
1263 2766 1469 2847 octingentos

436 2862 500 2927 His
534 2865 684 2947 praeficit
715 2864 850 2930 fratrem
883 2867 1120 2951 Eporedorigis
1148 2866 1344 2949 bellumque
1377 2861 1424 2929 inl
1461 2856 1468 2869 ’

432 2966 673 3051 Allobrogibus
701 2970 802 3033 iubet.
847 2969 966 3034 Altera
995 2991 1039 3034 ex
1070 2981 1165 3053 parte
1191 2969 1340 3037 Gabalos
1370 2962 1487 3053 proxi-⁶

434 3090 574 3155 mosque
603 3093 708 3158 pagos
733 3071 961 3139 Arvernorum
990 3075 1024 3139 in
1052 3074 1198 3153 Helvios,
1222 3077 1300 3141 item
1333 3076 1468 3140 Rutenos

433 3176 669 3261 Cadurcosque
698 3178 741 3242 ad
768 3178 851 3244 fines
877 3180 1056 3246 Volcarum
1083 3179 1355 3246 Arecomicorum
1381 3180 1467 3258 depo·

434 3282 596 3366 pulandos
613 3283 724 3349 mittit.
770 3283 884 3347 Nihilo
901 3284 1009 3350 minus
1023 3285 1235 3350 clandestinis
1250 3287 1376 3351 nuntiis
1394 3281 1486 3362 lega-r

433 3385 644 3469 tionibusque
653 3385 857 3469 Allobrogas
868 3387 1035 3466 sollicitat,
1044 3408 1186 3471 quorum
1196 3398 1325 3454 mentes
1336 3386 1466 3453 nondum

433 3489 478 3554 ab
489 3490 657 3573 superiore
668 3489 758 3556 bello
769 3491 931 3556 resedisse
941 3492 1105 3574 sperabat.
1137 3492 1266 3557 Horum
1280 3484 1486 3578 principibust

435 3595 600 3676 pecunias,
632 3593 757 3659 civitati
795 3603 906 3659 autem
944 3595 1117 3680 imperium
1155 3596 1256 3661 totius
1294 3591 1467 3681 provinciae

435 3697 615 3780 pollicetur.

268 3813 378 3867 nuenoe
389 3813 419 3864 of
477 3800 537 3866 Ad
551 3801 614 3866 hos
627 3821 743 3865 omnes
757 3822 853 3867 casus
867 3803 998 3886 provisa
1012 3814 1104 3868 erant
1120 3805 1282 3887 praesidia
1293 3797 1498 3872 cohortiunu

267 3880 381 3998 ἔξω·
437 3901 575 3968 duarum
604 3914 639 3971 et
664 3906 791 3991 viginti,
815 3927 903 3990 quae
931 3929 975 3973 ex
1006 3909 1078 3992 ipsa
1108 3911 1277 3993 provincia
1305 3911 1349 3975 ab
1375 3899 1465 3971 Lucio

469 4061 516 4109 ed.
532 4063 545 4120 ς
563 4073 585 4110 r.
606 4064 694 4113 nuno
712 4066 837 4115 omero.
872 4065 896 4115 It
913 4065 936 4115 ls
985 4064 1043 4117 who
1061 4081 1114 4116 was
1132 4066 1218 4118 consul
1238 4067 1264 4118 ln
1283 4078 1337 4117 nc„
1356 4065 1387 4130 64
1403 4058 1466 4116 ⁸¹0⁰!

436 4124 551 4176 msumed
562 4125 616 4177 that
627 4127 935 4181 thismsnwnsthesnme
984 4132 1046 4182 nith
1064 4132 1141 4183 Cuius
1157 4131 1260 4199 Figulus
1278 4131 1465 4199 (saltent-17·
