3234 5134
172 627 216 678 tt.
229 623 278 690 15]
401 623 456 675 DE
476 622 601 676 nmo
625 623 794 677 sabuco.
846 623 918 677 LIB-
948 623 1001 675 VII
1160 626 1222 694 303

174 784 372 870 exspoliare,
399 785 457 870 qui
486 797 617 852 vestrae
644 787 760 853 salutis
787 807 887 853 causa
916 807 1011 853 suurn
1042 786 1220 871 periculum

174 889 401 974 neglexerunt,
415 909 477 956 nec
496 889 636 955 stultitia
651 911 689 956 ac
711 891 899 956 temeritate
919 902 1028 957 vestra
1044 901 1104 957 aut
1117 892 1221 958 animi

174 992 401 1059 imbecillitate
424 1014 560 1060 omnent
587 993 731 1060 Galliam
757 1005 963 1077 prosternere
987 1005 1023 1060 et
1041 1005 1221 1080 perpetuae

132 1120 163 1158 ιο
175 1097 325 1163 servituti
343 1097 501 1163 subicere
547 1097 614 1177 An,
628 1100 719 1183 quod
740 1100 783 1163 ad
802 1099 892 1164 diem
913 1118 980 1164 non
994 1110 1163 1177 venerunt,
1178 1101 1221 1165 de

174 1222 289 1267 eorum
312 1200 379 1267 fide
404 1202 657 1286 constantiaque
681 1202 867 1267 dubitatis?
904 1201 994 1285 Quid
1018 1209 1122 1287 ergo?
1152 1205 1222 1268 Ro·

176 1327 292 1371 manos
314 1307 348 1370 in
370 1306 436 1372 illis
460 1306 672 1372 ulterioribus
694 1306 933 1372 munitionibus
956 1307 1103 1372 animine
1124 1328 1223 1373 causa

132 1429 160 1469 11
176 1411 300 1475 cotidie
323 1411 469 1476 exerceri
489 1411 640 1495 putatis?
677 1410 714 1476 Si
736 1410 868 1475 illorum
889 1411 1013 1476 nuntiis
1038 1411 1222 1484 confirmari

176 1533 243 1578 non
258 1514 398 1597 potestis
413 1515 505 1579 omni
522 1515 615 1580 aditu
639 1523 846 1598 praesaepto,
861 1513 912 1578 his
933 1514 1064 1579 utimini
1084 1516 1224 1581 testibus

177 1619 442 1704 appropinquare
457 1638 571 1683 eorum
588 1620 788 1697 adventum3
807 1619 902 1683 cuius
917 1619 964 1683 rei
979 1619 1098 1684 timore
1113 1628 1223 1684 exter·

133 1743 162 1781 η
177 1723 231 1788 riti
247 1722 337 1786 diem
352 1732 549 1806 noctemque
563 1722 596 1787 in
610 1743 710 1807 opere
726 1731 906 1787 versantur.
952 1721 1043 1805 Quid
1063 1710 1148 1807 ergo
1159 1723 1225 1787 mei

177 1825 305 1891 consilii
327 1832 404 1891 est?
456 1826 590 1902 Facere,
612 1826 702 1909 quod
724 1827 830 1891 nostri
853 1826 993 1891 maiores
1014 1846 1224 1911 nequaquam

178 1931 250 2015 pari
277 1930 365 1995 bello
391 1928 603 1995 Cimbrorum
629 1931 885 2012 Teutonumque
910 1929 1079 2009 iecerunt3
1109 1928 1224 2013 quiin

178 2035 304 2120 oppida
317 2033 482 2118 compulsi
496 2055 535 2100 ac
555 2034 654 2098 simili
669 2035 782 2118 inopia
802 2032 931 2099 subacti
945 2054 1059 2099 eorum
1080 2034 1224 2119 corpori·

178 2140 250 2211 bus,
266 2139 325 2222 qui
339 2146 451 2203 aetate
467 2138 511 2204 ad
528 2137 653 2203 bellum
674 2137 806 2204 inutiles
827 2139 1033 2216 videbantur,
1047 2139 1150 2203 vitam
1174 2148 1224 2204 to-

136 2259 167 2311 13
180 2243 367 2309 leraverunt
385 2262 494 2327 neque
516 2262 552 2308 se
572 2242 726 2309 hostibus
748 2243 962 2308 tradiderunt
1009 2242 1112 2310 Cuius
1130 2242 1176 2331 rei
1197 2242 1225 2306 si

180 2346 373 2429 exemplum
388 2367 455 2411 non
469 2347 675 2423 haberemus,
684 2357 796 2412 tamen
811 2347 972 2411 libertatis
983 2366 1083 2413 causa
1099 2345 1225 2412 institui

137 2460 215 2528 14et
240 2452 379 2534 posteris
403 2451 498 2534 prodi
521 2450 778 2534 pulcherrimum
800 2450 988 2517 iudicarem.
1033 2451 1124 2516 Nam
1145 2450 1225 2534 quid

180 2554 226 2619 illi
240 2554 348 2619 simile
362 2554 450 2619 bello
464 2555 550 2619 init?
594 2554 808 2638 Depopulata
825 2553 934 2619 Gallia
950 2552 1075 2619 Cimbri
1091 2574 1227 2640 magna·

180 2679 246 2742 que
271 2658 365 2723 illata
388 2658 578 2723 calamitate
604 2658 723 2723 finibus
748 2658 884 2742 quidem
908 2656 1027 2722 nostris
1050 2655 1228 2742 aliquando

181 2770 391 2829 excesserunt
421 2771 524 2847 atque
552 2762 634 2828 alias
662 2774 767 2829 terras
796 2763 984 2846 petierunt3
1021 2762 1101 2839 iura,
1129 2761 1228 2847 leges,

138 2888 168 2940 ¹5
181 2887 289 2950 agros,
304 2867 489 2931 libertatem
509 2864 606 2931 nobis
628 2866 838 2949 reliquerunt.
885 2865 1029 2931 Romani
1050 2867 1227 2951 veroquid

181 2979 301 3056 petunt
322 2970 412 3035 aliud
434 2981 493 3035 aut
514 2971 594 3053 quid
616 2971 743 3049 volunt,
757 2970 819 3035 nisi
841 2971 964 3035 invidia
985 2971 1131 3049 adducti,
1145 2990 1229 3053 quos

182 3074 273 3140 lama
293 3072 421 3138 nobiles
443 3083 661 3158 potentesque
687 3074 776 3141 bello
797 3084 1032 3159 cognoverunt,
1050 3072 1170 3139 horum
1194 3075 1227 3138 in

182 3179 268 3263 agris
296 3177 548 3261 civitatibusque
575 3179 746 3244 considere
775 3191 877 3263 atque
902 3178 953 3243 his
980 3188 1150 3244 aeternam
1180 3178 1229 3242 in·

183 3281 318 3366 iungere
339 3281 556 3347 servitutem?
608 3283 727 3366 Neque
749 3283 837 3347 enirn
860 3282 928 3347 ulla
950 3281 1014 3346 alia
1036 3281 1230 3346 condicione

218 3414 285 3471 διο.
301 3412 528 3461 mmmm
549 3409 681 3471 nuath.
764 3413 855 3461 vitam
865 3413 1066 3461 toleraverunt
1092 3408 1140 3474 Cp.
1152 3409 1182 3459 C.
1194 3410 1230 3460 ill.

219 3482 232 3535 ς
258 3489 296 3525 η.
323 3480 549 3534 teutonumque.
589 3476 683 3539 Every·
732 3481 800 3541 49,5
819 3490 834 3539 3
853 3478 944 3541 ‘equos
962 3512 968 3524 .
986 3511 993 3525 .
1010 3511 1017 3524 .
1034 3471 1231 3535 tolerari,'·that
1298 3480 1303 3487 '

184 3541 265 3592 where
275 3542 327 3592 else
338 3542 432 3592 Caeam
439 3541 486 3591 has
496 3541 628 3607 employed
639 3541 683 3591 the
732 3541 775 3591 the
786 3541 871 3592 horsea
881 3556 944 3591 were
954 3539 1015 3605 kept
1025 3537 1118 3591 ellve':
1136 3540 1178 3604 58,
1188 3542 1202 3601 i
1214 3556 1231 3606 4

184 3609 249 3659 form
260 3605 401 3669 ‘Teutoni’
411 3623 441 3659 so
453 3607 507 3657 that
522 3608 572 3657 this
583 3622 642 3672 may
651 3608 683 3657 be
733 3607 883 3671 ‘equitatum
896 3603 1018 3657 tolerare!

185 3674 355 3724 acontrected
365 3673 479 3738 genitive
768 3669 1231 3737 tr4.qu1dsslinmsse,tre,‘wbst

219 3753 318 3789 eorum
328 3740 561 3797 conpositiones.
594 3736 684 3787 Strabo
733 3753 784 3787 was
797 3737 867 3788 there
881 3739 907 3789 ln
923 3738 977 3787 that
987 3751 1038 3786 war
1054 3737 1108 3786 that
1119 3752 1171 3787 was
1181 3736 1232 3788 like

188 3802 684 3869 (ir.5‚§4)mayhavehadthispessage
733 3802 816 3853 thisl'

186 3870 214 3919 in
229 3869 293 3947 view
308 3868 379 3919 when
396 3869 427 3920 he
443 3866 638 3919 more-natm
652 3866 683 3916 τό
767 3872 781 3928 t
812 3880 850 3930 15·
880 3870 1040 3960 iniungerq·
1058 3870 1232 3945 gemituum.

186 3930 684 4063 Jmffqfflwfflfmmiss
734 3932 961 4063 {imgreilzhhl
980 3948 1232 4075 lanimlclnmnrim

187 4066 296 4128 mannis
313 4064 354 4115 nul
370 4065 461 4115 Κελτοὶ
480 4064 521 4115 nol
534 4063 630 4128 ‘tappet
644 4063 684 4114 ml
733 4061 1124 4130 neoensitetemqueimungebat’

187 4132 260 4181 mor
268 4129 469 4195 thelonearium
477 4129 685 4195 roirohipoem·
