3234 5134
330 570 390 634 130
679 563 710 615 C.
735 562 830 614 IULII
853 560 1040 616 CAESARIS
1296 556 1336 623 [4.
1351 570 1385 605 r-

161 741 266 793 mmed
277 741 303 791 in
333 728 566 808 sustinuerunt,
581 729 625 794 ad
641 737 827 794 extremum
843 740 956 793 tamen
969 727 1057 811 agris
1072 724 1205 811 expulsi
1222 735 1256 790 et
1267 721 1384 789 multis

163 807 298 923 {fflffm
333 833 413 897 locis
443 830 642 899 Germaniae
674 834 853 900 triennium
889 833 1001 916 vagati
1038 832 1082 897 ad
1120 832 1277 897 Rhenum
1307 850 1383 913 per·

164 937 311 1051 Ρνῖιφῐίν
332 945 499 1001 venerunt
544 936 637 1021 Quas
674 938 825 1022 regiones
863 936 1011 1021 Menapii
1041 935 1231 1002 incolebant
1266 945 1301 999 et
1336 935 1412 998 ad²

163 1010 282 1133 ffiffifi,
334 1051 509 1125 utramque
526 1043 632 1125 ripam
647 1041 793 1107 fluminis
807 1063 915 1126 agros,
931 1040 1085 1106 aedificia
1107 1040 1264 1125 vicosque
1277 1041 1383 1106 habe·

333 1145 424 1221 bant,
452 1147 511 1210 sed
541 1155 655 1212 tantae
684 1147 908 1212 multitudinis
940 1145 1034 1211 aditu
1066 1145 1227 1229 perterriti
1261 1164 1307 1208 ex
1342 1145 1414 1206 iiss

333 1249 499 1325 aediliciis,
524 1270 608 1334 quae
631 1260 721 1315 trans
747 1250 871 1315 flumen
895 1249 1090 1328 habuerant,
1116 1249 1384 1331 demigraverunt

333 1363 368 1418 et
392 1354 439 1418 cis
465 1352 621 1419 Rhenum
646 1354 814 1437 dispositis
840 1354 1012 1437 praesidiis
1036 1353 1222 1419 Germanos
1245 1354 1384 1419 transire

333 1456 563 1544 prohibebant.
610 1457 662 1521 Illi
691 1458 803 1523 omnia
831 1457 973 1544 experti,
998 1478 1074 1522 cum
1104 1478 1213 1541 neque
1241 1458 1273 1521 vi
1303 1468 1415 1522 con-⁴

334 1562 470 1627 tendere
494 1572 630 1646 propter
659 1563 806 1646 inopiam
834 1562 967 1627 navium
997 1582 1105 1645 neque
1130 1561 1217 1627 clam
1244 1563 1384 1627 transire

336 1676 473 1750 propter
487 1665 656 1731 custodias
671 1665 903 1748 Menapiorum
918 1676 1063 1750 possent,
1080 1667 1197 1731 reverti
1209 1688 1245 1732 se
1260 1667 1294 1730 in
1306 1686 1384 1729 suas
1400 1677 1415 1724 s

336 1771 432 1835 sedes
453 1770 667 1854 regionesque
688 1768 924 1834 simulaverunt
943 1779 977 1834 et
994 1769 1094 1834 tridui
1113 1769 1202 1833 viam
1218 1770 1384 1854 progressi

335 1894 447 1938 rursus
476 1882 678 1938 reverterunt
707 1887 809 1957 atque
838 1874 930 1941 omni
963 1874 1026 1938 hoc
1055 1873 1172 1939 itinere
1198 1894 1264 1938 una
1288 1882 1385 1937 nocte

338 1978 488 2060 equitatu
510 1975 662 2043 consecto
684 1977 804 2041 inscios
827 1977 1105 2060 inopinantesque
1125 1977 1302 2059 Menapios
1325 1996 1385 2059 op·

337 2091 535 2167 presserunt,
548 2081 605 2164 qui
616 2082 660 2146 de
675 2079 916 2145 Germanorum
928 2081 1075 2146 discessu
1087 2102 1146 2165 per
1160 2081 1387 2165 exploratores
1400 2080 1418 2130 ⁶

338 2187 493 2252 certiores
516 2184 596 2251 sacti
620 2185 692 2250 sine
719 2196 810 2250 metu
836 2194 928 2250 trans
954 2184 1111 2251 Rhenum
1137 2186 1171 2249 in
1195 2206 1273 2250 suos
1294 2185 1386 2249 vicos

338 2291 607 2375 remigraverant.
655 2288 719 2353 His
740 2288 920 2354 interiectis
938 2290 1144 2374 navibusque
1158 2311 1273 2355 eorum
1289 2293 1416 2354 occu-⁷

266 2442 270 2451 -
339 2395 436 2479 patis,
473 2393 665 2477 priusquam
703 2413 744 2458 ea
782 2414 859 2476 pars
897 2393 1143 2477 Menapiorum,
1178 2415 1264 2477 quae
1304 2393 1387 2457 citra

340 2500 495 2563 Rhenum
526 2508 607 2578 erat,
629 2498 750 2563 certior
772 2497 875 2573 fieret,
900 2497 1024 2564 flumen
1054 2498 1255 2564 transierunt
1286 2507 1388 2580 atque

340 2603 494 2668 omnibus
524 2623 638 2667 eorum
671 2602 832 2667 aedificiis
861 2603 1031 2686 occupatis
1065 2601 1227 2687 reliquam
1258 2612 1387 2686 partem

341 2706 462 2771 hiemis
483 2726 519 2770 se
541 2726 655 2771 eorum
679 2707 785 2789 copiis
807 2706 969 2771 aluerunt.
1379 2714 1383 2719 '

172 2821 333 2888 unbtlityot
387 2809 451 2873 His
475 2809 518 2873 de
547 2811 644 2874 rebus
675 2808 798 2875 Caesar
827 2811 947 2876 certior
971 2810 1076 2875 iactus
1099 2821 1134 2875 et
1164 2810 1424 2876 infirmitatemt

173 2888 308 3008 &⁸⁸¹⁸
344 2906 517 2974 Gallorum
553 2909 686 2987 veritus,
723 2911 815 2992 quod
856 2920 934 2975 sunt
971 2910 1004 2974 in
1037 2910 1182 2976 consiliis
1219 2910 1390 2994 capiendis

173 3021 318 3087 swayedby
345 3011 485 3077 mobiles
515 3021 549 3076 et
577 3012 673 3076 novis
704 3012 899 3096 plerumque
925 3013 1022 3076 rebus
1051 3015 1196 3087 student,
1227 3014 1309 3078 nihil
1339 3013 1391 3078 his

174 3103 284 3139 mmou.
344 3116 620 3184 committendum
656 3114 871 3180 existimavit.
917 3115 980 3180 Est
1016 3116 1105 3179 enim
1141 3118 1205 3181 hoc
1243 3116 1418 3183 Gallicae²

344 3219 601 3297 consuetudinis,
625 3219 673 3284 uti
697 3228 732 3283 et
763 3220 908 3284 viatores
934 3220 1036 3284 etiam
1063 3220 1185 3285 invitos
1211 3223 1391 3287 consistere

344 3334 477 3410 cogant,
501 3334 534 3387 et
559 3323 639 3406 quid
666 3322 806 3406 quisque
829 3342 942 3387 eorum
963 3324 1006 3389 de
1028 3343 1162 3406 quaque
1186 3347 1221 3389 re
1249 3328 1392 3391 audierit

345 3438 404 3496 aut
418 3428 619 3512 cognoverit,
631 3436 800 3510 quaerant,
811 3437 846 3492 et
862 3438 1060 3493 mercatores
1075 3428 1109 3492 in
1124 3430 1256 3512 oppidis
1271 3428 1391 3514 vulgus

380 3672 430 3729 54.
447 3669 555 3717 reverti
573 3703 605 3719 ..
629 3670 841 3716 .rsvsrtsmnt
928 3669 942 3725 ς
954 3679 978 3730 5.
994 3667 1130 3725 muruco,
1140 3664 1190 3716 ubl.
1202 3667 1232 3716 ol
1239 3668 1394 3717 instrument.

345 3733 408 3782 This
424 3733 483 3782 verb
497 3733 518 3783 is
530 3749 546 3781 a
562 3732 760 3797 semideponent
775 3732 805 3782 oi
812 3748 844 3782 au
895 3731 943 3796 Cp.
956 3746 997 3793 32,
1010 3735 1023 3790 ἱ
1037 3748 1053 3795 4
1065 3732 1192 3796 ‘equitatu
1211 3740 1286 3797 atque
1303 3733 1395 3783 essedis

346 3797 451 3847 unusual
470 3798 538 3859 kind,
551 3798 593 3848 the
613 3798 705 3864 perfect
722 3797 784 3847 with
802 3797 846 3848 the
895 3797 1136 3855 circumdederant&
1161 3797 1194 3848 iv.
1219 3811 1257 3856 rr,
1283 3802 1326 3861 §4
1347 3800 1396 3848 ‘iis

346 3870 427 3913 tenses
442 3862 537 3913 formed
554 3863 618 3913 from
635 3864 655 3913 it
672 3864 748 3928 being
766 3863 846 3913 active
895 3862 1067 3927 legionibus’:
1084 3862 1393 3928 i8,§1‘eslegione':

347 3927 449 3977 inform
467 3927 517 3977 end
534 3928 577 3978 the
593 3936 642 3978 rest
658 3929 764 3994 passive.
797 3928 845 3993 Cp.
896 3929 929 3977 vl.
948 3928 971 3986 8,
995 3931 1008 3986 ἱ
1030 3937 1045 3992 7
1064 3929 1191 3994 ‘equitem
1208 3928 1393 3980 consectatus':

347 3994 389 4043 vii.
410 4006 434 4080 ξ,
454 3998 494 4057 §5
516 3996 684 4044 ‘revertuntur
701 4030 708 4043 .
724 4029 730 4043 .
746 4031 753 4044 .
768 4009 846 4043 rever·
896 3994 938 4043 vit
954 3992 1395 4080 69„§7‘e1cubitoribus...teue·

347 4060 406 4113 risse
897 4059 993 4109 untur.
