3234 5134
242 603 281 650 u.
295 598 321 665 ι]
482 598 535 650 oe
557 597 681 651 aeaco
707 598 875 652 oacmco.
926 600 997 652 cra.
1024 600 1056 651 11
1254 607 1292 668 77

216 769 380 845 ,pontem
395 760 537 826 traducit
552 769 656 842 atque
675 760 718 824 ad
739 780 796 826 eos
816 763 999 828 contendit.
1043 761 1178 828 Acriter
1197 762 1230 825 in
1252 782 1293 827 eo

244 865 318 930 loco
334 874 518 950 pugnatum
535 873 596 929 est.
642 864 769 928 Hostes
784 864 963 947 impeditos
984 867 1087 931 nostri
1107 865 1293 931 influmine

214 969 391 1053 3aggressi
428 989 586 1053 magnum
623 987 738 1032 eorum
772 988 946 1033 numerum
980 970 1192 1047 occiderunt3
1233 992 1292 1056 per

244 1092 358 1137 eorum
384 1092 523 1155 corpora
552 1070 697 1153 reliquos
722 1071 940 1136 audacissime
966 1075 1105 1138 transire
1133 1083 1291 1139 conantes

244 1177 457 1245 multitudine
487 1175 629 1240 telorum
659 1173 896 1260 reppulerunt;
932 1176 1065 1259 primos,
1098 1179 1156 1259 qui
1186 1187 1291 1242 trans·

213 1281 359 1357 4ierant,
375 1281 526 1363 equitatu
545 1280 785 1345 circumventos
805 1279 1049 1346 interfecerunt.
1086 1281 1212 1347 Hostes
1234 1283 1291 1347 ubi
1305 1284 1429 1361 Thelde·

243 1396 278 1451 et
305 1388 348 1450 de
378 1385 606 1467 expugnando
634 1383 758 1468 oppido
788 1392 823 1447 et
853 1385 896 1448 de
926 1382 1062 1449 flumine
1090 1387 1291 1469 transeundo
1305 1359 1445 1466 {ww

243 1510 337 1573 spem
358 1509 394 1554 se
414 1488 568 1554 fefellisse
589 1487 825 1553 intellexerunt
845 1506 955 1570 neque
975 1497 1108 1553 nostros
1129 1490 1161 1554 in
1181 1490 1290 1556 locum
1304 1481 1386 1531 ”⁰¹⁰⁸-

243 1593 441 1676 iniquiorem
475 1593 629 1677 progredi
662 1591 835 1675 pugnandi
868 1611 967 1656 causa
996 1592 1161 1669 viderunt,
1190 1603 1292 1677 atque

243 1697 334 1781 ipsos
348 1717 400 1761 res
420 1696 635 1762 frumentaria
654 1694 797 1759 deficere
818 1695 936 1777 coepit,
953 1695 1092 1760 consilio
1109 1708 1292 1763 convocato

243 1803 486 1867 constituerunt
519 1801 685 1884 optimum
717 1820 789 1864 esse
822 1798 960 1864 domum
993 1819 1089 1864 suam
1123 1820 1292 1883 quemque

243 1905 362 1969 reverti
385 1916 428 1983 et,
443 1925 584 1987 quorum
607 1905 641 1968 in
664 1901 747 1968 fines
769 1904 914 1989 primum
938 1904 1084 1968 Romani
1107 1905 1291 1971 exercitum

243 2009 514 2087 introduxissent,
526 2010 570 2073 ad
586 2027 644 2072 eos
658 2006 890 2072 defendendos
906 2009 1054 2091 undique
1068 2009 1291 2086 convenirent,

244 2124 281 2179 ut
301 2114 412 2198 potius
432 2113 466 2177 in
488 2113 556 2177 suis
578 2131 680 2195 quarn
701 2112 734 2175 in
753 2110 868 2177 alienis
888 2111 1009 2176 finibus
1029 2114 1237 2178 decertarent
1258 2124 1292 2180 et

213 2218 434 2287 sdomesticis
458 2217 562 2299 copiis
584 2217 631 2280 rei
655 2215 888 2281 frumentariae
911 2225 1089 2280 uterentur.
1134 2216 1192 2280 Ad
1218 2237 1291 2283 eam

241 2322 440 2387 sententiam
463 2342 539 2389 cum
566 2321 700 2403 reliquis
726 2322 834 2387 causis
857 2320 940 2384 haec
966 2340 1101 2401 quoque
1125 2321 1210 2384 ratio
1232 2342 1291 2386 eos

242 2425 392 2502 deduxit,
411 2425 501 2508 quod
523 2425 727 2490 Divitiacum
750 2433 853 2505 atque
873 2423 1016 2488 Aeduos
1038 2424 1158 2488 finibus
1181 2424 1291 2490 Bello·

241 2551 397 2596 vacorum
420 2530 688 2613 appropinquare
714 2537 949 2612 cognoverant.
996 2528 1062 2592 His
1091 2530 1293 2611 persuaderi,

242 2643 280 2699 ut
299 2636 423 2700 diutius
443 2642 647 2699 morarentur
668 2651 777 2715 neque
799 2631 867 2695 suis
889 2631 1051 2696 auxilium
1073 2631 1205 2708 ferrent,
1222 2654 1288 2699 non

242 2747 384 2822 poterat.

194 2859 228 2913 11
286 2842 338 2906 Ea
355 2862 391 2905 re
412 2841 592 2906 constituta
611 2839 758 2904 secunda
776 2838 888 2923 vigilia
911 2858 1032 2922 magno
1051 2858 1126 2904 cum
1146 2842 1288 2926 strepitu
1301 2847 1393 2898 Caesar

240 2966 279 3011 ac
313 2945 457 3010 tumultu
491 2944 606 3010 castris
639 2943 763 3028 egressi
791 2942 884 3008 nullo
913 2953 1005 3008 certo
1033 2944 1150 3008 ordine
1179 2965 1288 3028 neque
1301 2913 1458 3029 {medear

239 3173 286 3225 hu
295 3176 400 3226 become
415 3179 527 3223 concrete
541 3171 591 3221 end
605 3171 698 3222 ndnfits
713 3170 744 3221 of
790 3178 834 3220 not
842 3170 885 3221 the
892 3171 1035 3236 magnitude
1042 3173 1072 3222 of
1077 3174 1115 3224 his
1121 3189 1177 3223 oven
1185 3174 1290 3239 victory,

240 3257 256 3290 ι
267 3241 476 3306 pl.,·srmatures
488 3237 571 3289 leves.'
790 3237 872 3287 which
890 3238 912 3286 is
928 3238 1015 3288 shown
1034 3238 1068 3302 by
1085 3252 1122 3295 ιι,
1140 3243 1153 3297 ς
1168 3252 1181 3287 a
1199 3249 1244 3289 not
1262 3250 1289 3291 to

275 3310 323 3369 43.
341 3320 393 3364 per·
411 3319 509 3354 eornm
526 3317 649 3361 oon-noro
682 3302 740 3353 Plu·
789 3301 852 3352 here
864 3303 925 3352 been
937 3303 1051 3353 decisive.

241 3371 313 3422 terch
324 3370 407 3433 (Caes.
420 3372 463 3432 ao)
475 3372 600 3435 improres
610 3384 680 3433 upon
690 3367 739 3418 this
824 3371 837 3426 t
849 3383 873 3430 4
890 3372 1009 3419 oomssto
1017 3375 1179 3419 oonvooato.
1208 3370 1290 3420 ‘Con-

241 3437 275 3501 by
295 3436 383 3501 saylng
400 3436 455 3485 thet
470 3435 562 3486 Caesar
581 3434 739 3499 mnghwed
789 3431 995 3497 oilinm'always
1004 3449 1089 3484 merus
1100 3434 1232 3495 ‘counm‘l,'
1244 3436 1289 3486 but

241 3501 284 3552 the
299 3502 392 3566 Belgae
409 3508 437 3551 to
456 3500 517 3552 euch
533 3516 565 3550 en
582 3507 667 3550 extent
684 3499 739 3550 that
790 3497 953 3548 ‘consilium'
965 3514 1102 3561 maymeen
1112 3500 1190 3550 either
1202 3504 1288 3551 ‘eonn-

241 3567 353 3617 mershes
369 3568 419 3616 eod
437 3567 501 3631 deep
518 3567 594 3616 rivers
611 3565 687 3616 oould
707 3566 739 3616 be
790 3563 838 3612 cil'
855 3578 884 3612 or
903 3561 1035 3615 ‘counseL'
1069 3565 1117 3631 Cp.
1137 3567 1171 3615 iii.
1189 3581 1213 3630 3,
1230 3571 1285 3627 §tr

241 3631 629 3696 orossedbytheRomensowin
658 3638 686 3679 to
695 3630 739 3680 the
789 3628 877 3691 nnd4.

241 3698 374 3749 multitude
389 3695 419 3745 of
431 3711 538 3762 eorpnec
571 3697 631 3760 App
686 3694 739 3759 (De
822 3696 1018 3743 conventi-ent.
1059 3693 1123 3744 Tbis
1144 3695 1235 3747 should
1255 3699 1288 3749 be

241 3764 306 3815 Reb.
321 3762 389 3814 Gall
406 3764 434 3824 4)
453 3763 475 3812 is
494 3776 563 3810 more
579 3760 737 3810 moderate-
790 3758 953 3819 ‘convestire'
964 3759 1020 3819 end,
1032 3759 1055 3808 lf
1063 3759 1157 3811 Caesar
1169 3772 1247 3814 wrote
1258 3765 1286 3825 it,

240 3828 375 3879 τοσούτους
383 3822 622 3885 &immaduit
629 3821 739 3885 ποταμὸν
789 3833 855 3873 must
866 3823 897 3873 be
908 3831 953 3887 put
963 3824 1037 3876 down
1048 3834 1076 3875 to
1092 3827 1140 3876 bad
1154 3844 1287 3892 gmmmar.

240 3892 412 3960 γοφνροθᾶντο
433 3894 486 3942 vois
507 3890 601 3951 οῶμοοι
626 3888 735 3951 rufium.
824 3893 872 3951 55.
890 3890 1181 3949 Ehw‘Belloracis'

241 3960 354 4013 Ceeser's
370 3959 452 4023 object
469 3958 495 4007 in
513 3956 562 4006 this
581 3970 737 4022 presagum
822 3968 914 4013 neque
943 3958 1011 4017 rute,
1041 3960 1096 4018 to,
1125 3959 1237 4009 ‘instead
1262 3960 1291 4011 of

240 4028 323 4080 which
333 4025 397 4077 both
411 4025 453 4075 the
468 4022 550 4073 others
564 4037 606 4072 ure
620 4021 735 4081 founded,
789 4019 904 4086 bringing
915 4019 1013 4089 helpto
1023 4022 1096 4074 thore
1106 4033 1132 4075 et
1143 4023 1235 4076 home!

239 4094 300 4145 isto
310 4091 378 4144 extol
388 4091 431 4141 tbe
437 4103 544 4153 counge
554 4088 584 4139 of
592 4087 634 4141 the
641 4102 736 4151 enemy,
