3234 5134
303 648 398 695 ει.
428 645 476 711 2]
789 645 895 697 DE
940 645 1188 697 Βειιο
1238 646 1579 699 GALLICO.
1682 646 1825 698 Lm.
1883 647 1961 697 νι
2303 655 2424 718 227

304 807 599 892 amplius
628 808 1004 892 quingentis
1034 809 1101 874 in
1131 809 1614 895 longitudinem
1646 820 1851 896 patet,
1884 809 2167 876 Lucium
2198 809 2417 876 Minu·
2446 813 2559 865 The
2581 814 2706 864 silva

308 912 494 976 cium
557 912 849 978 Basilum
908 934 1059 979 cum
1118 916 1300 979 omni
1355 916 1652 998 equitatu
1713 914 2091 997 praemittit,
2139 915 2196 980 si
2255 915 2416 998 quid
2443 880 2727 1020 ssrhiuenna.

310 1016 655 1082 celeritate
683 1017 957 1082 itineris'
975 1027 1177 1101 atque
1209 1019 1710 1103 opportunitate
1747 1019 2066 1102 temporis
2103 1018 2419 1103 proficere
2445 1036 2646 1099 cavalry

243 1153 278 1205 5
310 1129 585 1203 posset3
632 1130 876 1199 monet,
905 1131 981 1186 ut
1012 1123 1199 1205 ignes
1233 1122 1302 1187 in
1343 1122 1571 1188 castris
1602 1120 1744 1186 fieri
1775 1122 2142 1208 prohibeat,
2172 1143 2259 1187 ne
2287 1104 2681 1217 quafdss‘affoe·

311 1223 462 1287 eius
492 1223 818 1289 adventus
847 1225 1075 1307 procul
1104 1225 1497 1310 significatio
1525 1226 1643 1291 fiat
1669 1247 1685 1305 ;
1724 1247 1868 1291 sese
1897 1226 2239 1292 confestim
2268 1228 2421 1292 sub·

315 1327 511 1408 sequi
541 1328 719 1393 dicit.

189 1445 290 1501 80
416 1430 695 1510 Basilus,
723 1444 802 1499 ut
840 1434 1237 1517 imperatum
1286 1444 1407 1510 est,
1442 1433 1617 1500 facit.
1711 1434 2029 1501 Celeriter
2062 1443 2425 1518 contraque
2450 1450 2600 1501 nair-

316 1536 621 1601 omnium
681 1537 1065 1621 opinionem
1138 1538 1439 1604 confecto
1498 1538 1729 1603 itinere
1790 1537 2033 1604 multos
2105 1539 2172 1602 in
2249 1540 2423 1622 agris
2446 1517 2705 1647 ἓξὲξ(

317 1639 743 1723 inopinantoe
823 1642 1301 1725 deprehendit3
1389 1663 1617 1707 eorum
1699 1642 1941 1708 indicio
2026 1643 2113 1708 ad
2203 1643 2421 1727 ipsum
2447 1647 2725 1698 Ambiorix·

323 1744 789 1830 Ambiorigem
820 1747 1180 1823 contendit,
1212 1766 1349 1830 quo
1378 1747 1444 1811 in
1474 1745 1624 1812 loco
1653 1766 1804 1811 cum
1836 1747 2066 1831 paucis
2094 1747 2425 1829 equitibus

258 1880 287 1917 2
320 1873 470 1918 esse
499 1852 856 1918 dicebatur.
951 1853 1242 1917 Multum
1288 1874 1440 1919 cum
1480 1854 1545 1917 in
1592 1854 1902 1919 omnibus
1941 1855 2138 1920 rebus
2173 1864 2318 1920 tum
2356 1856 2425 1918 in

323 1979 396 2022 re
456 1958 722 2022 militari
782 1967 1008 2040 potest
1065 1956 1349 2021 fortuna.
1438 1958 1618 2022 Nam
1677 1959 1848 2024 sicut
1895 1978 2141 2043 magno
2184 1959 2426 2024 accidit

324 2077 503 2141 casu,
562 2074 637 2127 ut
696 2063 761 2126 in
825 2062 1042 2146 ipsum
1104 2062 1443 2126 incautum
1497 2063 1700 2127 etiam
1760 2073 1964 2145 atque
2021 2064 2424 2146 imparatum

322 2166 660 2243 incideret,
690 2166 1002 2247 priusque
1046 2165 1190 2230 eius
1228 2167 1555 2231 adventus
1597 2165 1685 2230 ab
1727 2166 2043 2231 omnibus
2072 2167 2429 2246 videretur,

324 2289 527 2353 quam
559 2268 737 2334 fama
771 2289 848 2333 ac
882 2269 1149 2335 nuntius
1170 2269 1527 2347 afferretur,
1551 2270 1644 2336 sic
1670 2290 1952 2353 magnae
1975 2270 2101 2335 fuit
2123 2269 2427 2336 fortunae

324 2373 508 2439 omni
583 2371 843 2439 militari
908 2373 1369 2454 instrumento,
1427 2376 1606 2459 quod
1685 2375 1927 2440 circum
1987 2395 2059 2439 se
2119 2373 2428 2451 habebat,

326 2487 575 2561 erepto,
634 2478 810 2543 redis
882 2479 1202 2563 equisque
1276 2478 1766 2563 comprehensis
1841 2479 2061 2562 ipsum
2136 2477 2429 2562 effugere

269 2607 300 2658 3
330 2590 630 2645 mortem.
720 2580 857 2648 Sed
909 2583 1037 2647 hoc
1084 2603 1349 2667 quoque
1408 2582 1656 2648 factum
1712 2591 1835 2661 est,
1883 2582 2064 2665 quod
2127 2582 2429 2647 aedificio

333 2684 747 2750 circumdato
800 2686 986 2763 silva,
1027 2697 1102 2752 ut
1145 2696 1303 2751 sunt
1348 2685 1482 2752 sere
1527 2685 1860 2750 domicilia
1907 2684 2270 2762 Gallorum,
2316 2686 2430 2769 qui

328 2788 579 2853 vitandi
610 2799 831 2854 aestus
862 2809 1058 2855 causa
1088 2790 1479 2875 plerumque
1500 2789 1817 2855 silvarum
1851 2800 2057 2871 atque
2080 2788 2429 2854 fluminum

331 2901 566 2975 petunt
596 2893 1141 2978 propinquitates,
1168 2894 1442 2959 comites
1473 2892 1960 2976 familiaresque
1984 2893 2124 2958 eius
2142 2904 2429 2978 angusto

330 2997 394 3061 in
441 2997 589 3063 loco
634 2998 968 3083 paulisper
1010 2998 1307 3081 equitum
1357 3008 1728 3062 nostrorum
1773 2998 1910 3063 vim
1953 2999 2427 3065 sustinuerunt.

271 3122 304 3171 4
332 3102 453 3167 His
483 3103 936 3188 pugnantibus
966 3101 1150 3166 illum
1182 3102 1248 3166 in
1283 3120 1527 3186 equum
1562 3102 1838 3186 quidam
1879 3124 1968 3168 ex
1998 3103 2134 3167 suis
2162 3103 2381 3168 intulit
2410 3122 2426 3180 ;

332 3205 693 3289 fugientem
735 3206 942 3270 silvae
981 3215 1313 3271 texerunt.
1404 3205 1517 3272 Sic
1563 3216 1633 3271 et
1669 3207 1758 3272 ad
1800 3204 2218 3272 subeundum
2258 3205 2426 3290 peri-

332 3309 548 3375 culum
579 3319 648 3375 et
677 3312 761 3375 ad
793 3310 1143 3376 vitandum
1178 3309 1459 3374 multum
1493 3310 1758 3376 fortuna
1786 3311 2012 3376 valuit.

237 3429 309 3485 81
415 3413 775 3480 Ambiorix
805 3415 1031 3500 copias
1062 3435 1214 3481 suas
1256 3415 1581 3481 iudicione
1622 3437 1758 3480 non
1800 3414 2217 3493 conduxerit,
2245 3415 2427 3497 quod
2455 3422 2768 3500 Disqimtion

335 3518 581 3603 proelio
611 3520 1058 3585 dimicandum
1084 3540 1217 3584 non
1244 3519 1662 3599 existimarit,
1683 3540 1771 3584 an
1799 3529 2101 3602 tempore
2118 3517 2428 3584 exclusus
2450 3487 2716 3604 glfflers.

333 3631 399 3688 et
443 3623 785 3707 repentino
828 3624 1126 3706 equitum
1169 3624 1455 3688 adventu
1487 3622 1876 3706 prohibituS,
1907 3641 2058 3685 cum
2107 3620 2429 3706 reliquum

283 3752 309 3788 2
334 3726 697 3791 exercitum
749 3726 1056 3812 subsequi
1116 3727 1428 3805 crederet,
1480 3727 1757 3791 dubium
1820 3735 1938 3790 est.
2052 3723 2189 3790 Sed
2250 3738 2429 3792 certe

333 3829 617 3895 dimissis
646 3850 765 3915 per
793 3850 987 3915 agros
1021 3830 1268 3895 nuntiis
1308 3829 1433 3894 sibi
1474 3849 1809 3914 quemque
1848 3826 2186 3895 consulere
2222 3830 2426 3896 iussit.

396 4012 424 4067 ς
448 4024 500 4070 4.
533 4014 728 4066 ponet
747 4043 758 4056 .
777 4044 790 4057 .
809 4046 822 4059 .
841 4010 1153 4066 prohibeat.
1195 4006 1327 4057 Both
1492 4009 1584 4057 30.
1604 4010 1632 4067 ς
1655 4020 1696 4056 1.
1732 4010 1926 4065 quoin
1939 4008 2080 4056 looo.
2146 4006 2223 4056 As
2237 4006 2430 4073 though

334 4088 593 4138 sequence·
629 4088 715 4124 ane
751 4072 1039 4123 admissible
1076 4074 1206 4123 after
1241 4071 1328 4123 the
1429 4076 1443 4099 ⁸
1460 4071 1525 4121 ad
1548 4088 1662 4122 eum
1686 4072 1849 4122 locum
1867 4070 1881 4093 '
1905 4071 2008 4121 had
2028 4071 2282 4137 preceded.

335 4138 532 4190 historie
561 4145 774 4206 present.
840 4138 935 4204 Cp.
958 4138 993 4189 i.
1016 4138 1066 4202 8,
1091 4142 1118 4199 ς
1147 4153 1191 4189 2.
1497 4142 1524 4199 ς
1554 4153 1600 4189 2.
1636 4140 1880 4189 fortuna.
1934 4137 2003 4187 iv.
2030 4136 2108 4197 26,
2133 4143 2159 4199 ς
2185 4151 2232 4202 5.

1313 4234 1433 4300 Q2
