3234 5134
396 579 457 660 ηε
741 586 769 639 c
795 584 894 639 roan
916 583 1106 639 masma
1345 583 1406 650 [ro.
1418 597 1461 649 5-

398 753 490 827 bant,
506 749 591 816 inter
605 746 734 831 equites
748 745 871 813 versari
885 765 1030 831 suoque
1043 744 1214 831 appellare
1234 744 1337 810 lubet
1384 742 1486 808 nisa

399 853 538 939 cognitis
569 863 603 918 et
636 850 797 917 Litavicci
834 851 950 917 fraude
986 861 1162 936 perspecta
1189 848 1302 916 Aedui
1332 867 1459 913 manus
1565 866 1566 931 l

399 958 536 1024 tendere
555 951 775 1043 [deditionem
796 949 995 1043 significare]
1015 964 1051 1020 et
1070 954 1225 1040 proiectis
1244 953 1346 1019 musis
1365 973 1458 1016 mur·
1565 938 1566 961 ¹

401 1075 469 1129 tem
484 1059 653 1143 depredari
669 1060 839 1143 incipiunt.
886 1059 1075 1126 litaviccus
1089 1079 1165 1125 cum
1179 1059 1248 1123 suis
1265 1057 1485 1131 clientibm

402 1164 523 1249 quibus
538 1182 629 1229 more
642 1162 815 1229 Gallorum
829 1161 922 1228 nelas
935 1173 988 1229 est
998 1162 1100 1229 etiam
1114 1162 1148 1228 in
1158 1173 1311 1228 extrema
1321 1159 1461 1226 fortuna

404 1270 554 1337 desmeoe
568 1276 737 1352 patronos,
753 1266 953 1350 Gergoviam
968 1266 1127 1352 profugit.

449 1372 573 1439 Caesar
586 1371 707 1437 nuntiis
721 1372 764 1438 ad
784 1371 955 1438 civitatem
972 1370 1171 1437 Aeduorum
1185 1369 1303 1445 missis,
1320 1368 1380 1452 qui
1394 1386 1459 1433 suo
1471 1373 1503 1427 ss

255 1516 291 1564 „-
406 1475 568 1544 beneficio
582 1484 794 1543 conservatos
809 1476 976 1553 docerent,
989 1496 1075 1559 quos
1092 1476 1163 1540 iure
1178 1472 1256 1540 belli
1271 1472 1460 1538 interficere

337 1594 349 1627 ⁸
408 1580 578 1664 potuisset,
592 1578 764 1662 tribusque
786 1579 876 1644 horis
899 1573 1035 1668 [noctis]
1059 1578 1219 1645 exercitui
1240 1578 1283 1642 ad
1306 1578 1460 1660 quietem
1566 1646 1567 1665 E

313 1660 348 1695 ⁰²
407 1686 494 1751 anis
516 1694 624 1751 astra
647 1684 692 1750 aa
716 1681 915 1768 Gergovrm
937 1684 1052 1749 mone
1107 1682 1223 1747 neno
1244 1681 1313 1747 rere
1340 1682 1485 1746 itineres

407 1789 536 1873 equites
555 1808 576 1853 a
595 1787 701 1854 Fabio
721 1787 823 1866 missi,
838 1797 964 1870 quanto
984 1787 1089 1852 resin
1110 1787 1256 1871 periculo
1276 1784 1384 1860 fuerit,
1399 1805 1461 1848 ex·

408 1902 546 1977 ponunt
589 1890 752 1957 ‘Summis
763 1892 869 1976 copiis
879 1901 989 1957 castra
997 1889 1463 1975 oppugnata’demonstnnt,

408 2004 502 2062 ‘curn
517 1994 634 2061 crebro
650 1995 770 2080 integri
785 1994 922 2061 defessis
935 1995 1152 2060 succederent
1166 2006 1365 2078 nostrosque
1379 1993 1461 2058 assi-

408 2102 477 2167 duo
498 2099 612 2165 labore
634 2096 863 2183 defatigarent,
883 2100 1004 2182 quibus
1030 2110 1168 2184 propter
1195 2098 1462 2184 magnitudinem

409 2213 591 2269 castrorum
607 2212 770 2288 perpetuo
789 2213 878 2269 esset
897 2204 1014 2268 iisdem
1034 2204 1068 2268 in
1081 2203 1170 2268 vallo
1188 2205 1463 2286 permanendum

411 2306 629 2373 Multitudine
658 2308 855 2392 sagittarum
885 2317 987 2399 atque
1016 2309 1126 2373 omnis
1154 2308 1285 2391 generis
1316 2307 1487 2375 telorums

413 2410 535 2477 multos
563 2410 772 2491 vulneratos;
808 2412 852 2477 ad
882 2411 965 2477 haec
997 2413 1190 2478 sustinenda
1225 2432 1350 2496 magno
1388 2415 1462 2479 usui

412 2515 513 2583 fuisse
527 2523 702 2582 tormenta
749 2515 889 2581 Fabium
902 2515 1049 2581 discessu
1065 2536 1181 2582 eorum
1195 2517 1326 2582 duabus
1341 2517 1489 2584 relictis⁴
1568 2548 1569 2617 q

414 2621 520 2703 portis
535 2619 708 2686 obstruere
728 2630 856 2685 ceteras
870 2619 1068 2703 pluteosque
1084 2620 1173 2686 vallo
1187 2622 1311 2686 addere
1326 2633 1362 2686 et
1377 2644 1417 2687 se
1431 2625 1464 2687 in
1568 2626 1569 2631 ’

415 2733 585 2806 posterum
600 2723 691 2788 diem
706 2722 917 2807 similemque
933 2744 1046 2789 casum
1061 2723 1242 2809 apparare’
1287 2725 1350 2790 His
1366 2729 1489 2792 rebuss

415 2826 555 2910 cognitis
570 2823 694 2892 Caesar
708 2846 841 2892 summo
860 2827 973 2893 studio
992 2828 1136 2893 militum
1157 2837 1237 2894 ante
1256 2839 1367 2896 ortum
1385 2832 1465 2897 solis

417 2930 451 2995 in
466 2939 575 2995 castra
588 2929 747 3015 pervenit.

251 3045 377 3098 outbreak
461 3033 553 3098 Dum
583 3032 665 3099 haec
694 3034 738 3097 ad
770 3032 970 3118 Gergoviam
1006 3045 1171 3121 geruntur,
1200 3036 1313 3102 Aedui
1351 3038 1509 3123 primisfl

250 3129 382 3228 midai
418 3136 541 3203 nuntiis
559 3137 602 3203 ab
621 3136 791 3203 Litavicco
807 3139 953 3222 acceptis
973 3140 1101 3204 nullum
1121 3140 1185 3206 sibi
1203 3142 1247 3207 ad
1267 3160 1466 3227 cognoscen-

252 3242 402 3358 {gaianum
420 3243 501 3309 dum
526 3241 671 3326 spatium
697 3242 895 3326 relinquunt.
942 3243 1089 3329 Impellit
1110 3243 1194 3311 alios
1219 3247 1366 3325 avaritia,
1385 3249 1489 3312 alios²

277 3324 374 3369 (Μ’
421 3345 591 3412 iracundia
605 3356 639 3412 et
653 3346 833 3423 temeritas,
841 3368 928 3430 quae
943 3348 1091 3413 maxime
1106 3348 1152 3412 illi
1167 3349 1339 3415 hominum
1355 3352 1465 3436 generi

421 3461 472 3516 est
495 3449 618 3527 innata.
642 3459 681 3517 ut
704 3449 813 3515 levem
834 3451 1038 3518 auditionem
1065 3452 1211 3518 habeant
1234 3473 1293 3537 pro
1318 3475 1355 3519 re
1378 3475 1466 3519 com·

421 3563 523 3639 perta.
569 3552 662 3620 Bona
687 3553 808 3621 civium
835 3554 1063 3620 Romanorum
1088 3557 1257 3642 diripiunt,
1279 3561 1400 3625 caedes
1421 3559 1488 3623 fad

423 3657 768 3736 ciuntinservitutem
780 3657 985 3726 abstrahunt
1006 3659 1157 3727 Adiuvat
1169 3680 1239 3726 rem
1250 3662 1487 3746 proclinatams

425 3757 697 3828 Convictolitavis
706 3762 1112 3848 plebemqueadiurorern
1120 3765 1271 3849 impellit,
1278 3776 1317 3831 ut
1325 3765 1466 3832 facinore

424 3864 570 3929 admisso
584 3865 627 3931 ad
642 3867 819 3933 sanitatem
835 3868 954 3933 reverti
969 3869 1105 3953 pudeat.
1133 3868 1283 3936 Murcum
1299 3869 1488 3947 Aristiums

426 4017 663 4141 iii⁴a⁰a⁵l⁷am
682 4022 837 4074 Gallorum.
877 4022 924 4088 Cn
975 4024 1083 4153 ⁵585!
1097 4033 1119 4071 a.
1143 4026 1328 4075 auditionem.
1371 4024 1420 4091 Cp.
1436 4023 1468 4076 ir.
