3234 5134
186 651 231 703 4⁷.
244 647 270 715 ι]
414 646 467 697 οε
489 645 613 697 aneto
638 645 807 699 caturco.
858 645 929 699 trs.
959 649 1012 700 νη
1175 638 1233 701 281

187 818 288 894 atque
318 829 432 874 omues
461 809 518 874 illo
547 812 592 875 ad
621 808 842 876 munitionem
869 811 985 894 copiae
1010 813 1234 877 traducuntur.

158 914 302 979 7Vacua
322 925 430 979 castra
448 914 595 979 hostium
615 914 738 980 Caesar
758 917 967 998 conspicatus
985 915 1083 982 tectis
1100 916 1234 999 insigni·

186 1019 249 1081 bus
264 1039 398 1083 suorum
413 1017 652 1102 occultatisque
665 1018 769 1102 signis
787 1018 982 1084 militaribus
997 1041 1088 1085 raros
1103 1020 1235 1097 milites,

186 1142 227 1186 ne
242 1141 286 1186 ex
302 1123 429 1206 oppido
446 1123 794 1201 animadverterentur,
810 1143 854 1185 ex
872 1124 1051 1188 maioribus
1071 1125 1187 1189 castris
1202 1125 1235 1189 in

156 1234 172 1282 8
186 1224 313 1291 minora
327 1226 469 1290 traducit
485 1225 678 1308 legatisque,
693 1246 777 1309 quos
792 1225 929 1310 singulis
943 1225 1128 1308 legionibus
1140 1248 1235 1310 prae-

185 1327 316 1402 fecerat,
343 1330 424 1413 quid
449 1329 520 1394 fieri
548 1330 637 1407 velit,
662 1329 808 1393 ostendit
820 1354 829 1408 ;
864 1329 1025 1413 imprimis
1050 1343 1172 1410 monet,
1198 1344 1235 1397 ut

184 1432 377 1498 contineant
396 1432 527 1509 milites,
547 1453 588 1497 ne
607 1433 719 1497 studio
741 1434 911 1516 pugnandi
933 1442 991 1496 aut
1014 1454 1074 1517 spe
1091 1436 1235 1519 praedae

185 1536 316 1619 lougius
331 1537 604 1620 progrediantur3
626 1538 708 1620 quid
724 1537 881 1620 iniquitas
896 1536 960 1602 loci
975 1537 1097 1602 habeat
1112 1539 1234 1603 incom-

156 1640 288 1716 9modi,
302 1642 479 1724 proponit3
501 1641 565 1706 hoc
584 1661 650 1704 una
669 1640 839 1705 celeritate
860 1661 958 1724 posse
977 1642 1118 1718 mutari;
1140 1662 1234 1706 occa·

140 1773 171 1810 10
185 1744 287 1808 sionis
302 1765 374 1808 esse
389 1764 543 1824 remmon
558 1745 682 1829 proelii.
728 1744 795 1809 His
810 1745 907 1809 rebus
923 1745 1086 1828 expositis
1100 1747 1232 1830 signum
1244 1760 1276 1811 he
1287 1761 1373 1812 makes

185 1848 245 1912 dat
275 1858 308 1912 et
337 1849 381 1912 ab
410 1850 532 1913 dextra
561 1858 656 1931 parte
684 1849 751 1913 alio
775 1868 913 1912 ascensu
940 1850 1057 1913 eodem
1082 1858 1233 1931 tempore
1245 1827 1402 1956 sshfflaffy‘s

183 1951 324 2017 Aeduos
345 1953 458 2018 mittit.
1245 1973 1337 2022 cumps,
1353 1958 1401 2008 and

65 2119 69 2130 ‚
126 2083 171 2137 40
228 2056 355 2141 Oppidi
379 2078 492 2121 murus
514 2079 534 2121 a
556 2056 697 2141 planicie
721 2067 822 2140 atque
845 2055 941 2121 initio
965 2076 1118 2121 ascensus
1143 2031 1359 2139 rectassffi

184 2162 328 2244 regione,
351 2160 379 2223 si
409 2160 518 2224 nullus
547 2160 725 2227 amfractus
755 2161 982 2238 intercederet,
1009 2173 1085 2224 MCC
1115 2180 1232 2244 passus
1244 2153 1321 2204 them.

88 2320 98 2339 ,
156 2265 316 2338 ,aberatz
341 2264 501 2348 quidquid
530 2264 594 2329 huc
621 2265 775 2330 circuitus
801 2265 846 2329 ad
872 2263 1089 2329 molliendum
1113 2264 1232 2328 clivum

154 2379 378 2453 ,accesserat
404 2369 437 2433 id
464 2369 607 2453 spatium
631 2369 758 2434 itineris
776 2368 930 2452 augebat.
975 2367 1010 2432 A
1034 2369 1144 2433 medio
1166 2368 1234 2433 sere

184 2470 268 2535 colle
280 2472 314 2535 in
322 2472 574 2556 longitudinem,
585 2484 623 2538 ut
634 2484 752 2538 natura
764 2473 886 2537 montis
897 2471 1032 2546 ferebat,
1043 2493 1087 2537 ex
1099 2474 1232 2557 grandi·

183 2575 246 2638 bus
270 2576 361 2639 saxis
384 2597 447 2641 sex
469 2578 591 2659 pedum
616 2597 756 2654 murum,
778 2577 835 2659 qui
862 2586 1049 2640 nostrorum
1072 2576 1232 2661 impetum

184 2679 341 2754 tardaret,
361 2682 608 2763 praeduxerant
624 2678 712 2745 Galli
730 2690 833 2763 atque
851 2678 1003 2744 inferiore
1017 2681 1107 2743 omui
1124 2681 1232 2763 spatio

184 2802 290 2848 vacuo
305 2782 420 2849 relicto
435 2785 637 2868 superiorem
660 2793 789 2868 partem
806 2783 899 2848 collis
919 2803 1023 2866 usque
1037 2784 1079 2847 ad
1102 2804 1231 2848 murum

155 2887 299 2970 ,oppidi
324 2887 529 2952 densissimis
552 2889 668 2952 castris
694 2887 952 2970 compleverant.
999 2887 1127 2952 Milites
1153 2890 1233 2953 dato

183 2990 277 3073 signo
291 2990 440 3057 celeriter
452 2992 496 3056 ad
520 2992 736 3057 munitionem
759 2992 954 3074 perveniunt
969 3012 1109 3074 eamque
1128 3003 1234 3057 trans·

156 3095 286 3183 5gressi
310 3095 403 3159 trinis
429 3097 545 3161 castris
571 3097 763 3179 potiuntur,
795 3115 835 3160 ac
857 3106 951 3160 tanta
975 3095 1038 3159 fuit
1063 3096 1095 3158 in
1120 3094 1233 3159 castris

183 3198 350 3281 capiendis
380 3198 539 3276 celeritas,
568 3211 605 3265 ut
636 3199 867 3278 Teutomatus,
896 3220 956 3264 rex
986 3198 1233 3282 Nitiobrogum,

183 3304 296 3367 subito
312 3304 346 3366 in
362 3303 574 3369 tabernaculo
588 3323 773 3385 oppressus,
785 3313 822 3367 ut
838 3303 976 3367 meridie
991 3302 1232 3384 conquieverat,

182 3407 349 3490 superiore
364 3408 511 3489 corporis
526 3418 621 3490 parte
635 3408 768 3485 nudata,
779 3406 951 3470 vulnerato
966 3425 1052 3491 equo
1062 3406 1121 3469 vix
1136 3425 1173 3468 se
1188 3426 1233 3469 ex

182 3511 335 3574 manibus
350 3510 579 3595 praedantium
596 3511 735 3576 militum
752 3512 902 3593 eriperet.

123 3641 164 3697 47
227 3613 433 3680 Consecutus
459 3616 502 3693 id,
526 3617 616 3698 quod
641 3616 754 3680 animo
778 3623 1004 3698 proposuerat,
1029 3612 1152 3678 Caesar
1181 3634 1229 3678 re·
1242 3630 1314 3682 ‘rhen
1325 3632 1357 3683 he

216 3766 229 3820 ς
242 3775 266 3825 9.
282 3761 395 3819 mutari,
408 3761 416 3785 ⁴
427 3758 621 3824 compensated!
733 3759 771 3809 his
787 3757 885 3817 author,
901 3756 1045 3824 explaining
1061 3757 1130 3808 these
1149 3757 1231 3807 words
1243 3699 1334 3749 munds
1345 3698 1388 3748 the

213 3831 261 3879 47.
283 3831 296 3885 5
319 3838 340 3875 1.
365 3834 534 3876 consecutus
565 3829 605 3885 id,
634 3830 681 3876 bo.
732 3833 761 3874 to
771 3824 969 3890 mean‘finding
981 3822 1121 3874 hirnseliiu
1136 3838 1232 3888 posser-

182 3893 250 3943 Eveu
271 3891 405 3955 Napoleon
422 3890 462 3939 111
479 3891 573 3939 deserts
590 3891 683 3940 Caesar
732 3891 786 3939 sion
802 3889 832 3939 oi
844 3888 886 3940 the
900 3890 1063 3956 opportunity
1075 3889 1105 3940 be
1117 3888 1230 3950 desired:

181 3957 248 4019 bere,
259 3957 387 4022 declariug
398 3956 454 4006 that
470 3956 510 4005 bis
524 3955 605 4018 object
617 3964 682 4007 must
732 3956 783 4005 aud
794 3957 938 4069 suggesting
946 3955 1000 4003 that
1009 3955 1101 4005 Caesar
1112 3962 1196 4005 meunt
1204 3963 1232 4005 to

182 4025 245 4074 have
265 4024 326 4073 been
346 4030 373 4072 to
392 4022 450 4071 take
470 4021 647 4087 Gergoviaby
666 4038 683 4071 a
731 4020 833 4071 re-iorm
862 4024 883 4070 is
893 4029 979 4085 troops
989 4022 1038 4070 aud
1049 4021 1107 4072 lead
1118 4020 1187 4073 them
1197 4037 1231 4071 ou

182 4089 279 4139 sudden
300 4087 403 4139 assault.
443 4087 560 4151 Moberly
581 4087 627 4137 has
649 4102 681 4136 an
732 4085 1007 4153 turregularasaault.

182 4155 311 4222 ingenious
321 4153 406 4206 device
416 4162 508 4205 tonare
515 4151 558 4203 the
569 4153 646 4205 credit
656 4150 685 4203 oi
