3234 5134
150 2042 173 2089 T
175 2042 205 2090 he
219 2040 304 2089 Adun-

149 2108 201 2156 tuci
212 2106 269 2156 shut

150 2172 298 2222 themselves

149 2255 184 2302 up
196 2238 220 2286 iu
232 2254 247 2287 e

150 2303 303 2367 stronghold.

316 632 358 694 9⁰
664 624 692 676 C.
718 623 813 675 1vc11
837 623 1024 676 CAESARIS
1264 622 1369 688 [821-

318 787 427 872 pueris
452 788 712 870 mulieribusque
735 788 768 851 in
792 786 956 852 aestuaria
978 804 1018 850 ac
1040 785 1179 869 paludes
1201 784 1367 850 coniectos

318 891 517 970 dixeramus,
546 890 610 957 hac
641 912 755 976 pugna
784 891 947 969 nuntiata,
973 906 1048 955 cum
1079 890 1257 955 victoribus
1287 889 1367 953 nihil

319 995 527 1079 impeditum,
541 996 637 1061 victis
653 995 735 1061 nihil
749 1003 860 1059 tutum
875 994 1121 1071 arbitrarentur,
1137 994 1295 1070 omniurn,
1310 993 1367 1075 qui
1382 1011 1394 1045 ²

318 1109 521 1181 supererant,
551 1119 712 1163 consensu
752 1098 880 1182 legatos
915 1100 959 1162 ad
992 1096 1169 1164 Caesarem
1207 1099 1367 1162 miserunt

317 1222 420 1284 seque
457 1204 488 1267 ei
526 1204 725 1269 dediderunt
762 1214 797 1268 et
834 1204 868 1267 in
902 1202 1196 1269 commemoranda
1224 1202 1367 1267 civitatis

316 1306 506 1371 calamitate
528 1328 572 1371 ex
594 1307 761 1371 sexcentis
783 1307 827 1371 ad
850 1316 918 1372 tres
941 1316 1120 1382 senatores,
1135 1327 1179 1370 ex
1195 1305 1367 1369 hominum

318 1410 452 1475 milibus
474 1424 524 1475 Lx
546 1412 605 1475 vix
628 1413 672 1476 ad
695 1411 907 1494 quingentos,
923 1411 980 1494 qui
1003 1431 1096 1474 arma
1114 1409 1199 1475 serre
1221 1419 1394 1492 possenna

316 1534 390 1578 sese
404 1515 558 1580 redactos
573 1534 645 1579 esse
659 1516 826 1580 dlxenunt.
869 1514 965 1598 Quos
981 1514 1112 1588 Caesar,
1130 1513 1215 1578 utin
1231 1514 1368 1578 miseros

317 1637 356 1682 ac
378 1617 544 1701 supplices
566 1638 644 1683 usus
668 1618 892 1684 misericordia
914 1617 1089 1694 videretur,
1114 1617 1367 1701 diligentissime

316 1722 523 1787 conservavit
545 1724 680 1806 suisque
706 1721 827 1786 finibus
848 1732 951 1804 atque
973 1721 1106 1805 oppidis
1131 1722 1180 1784 uti
1207 1722 1310 1798 iussit,
1332 1731 1367 1786 et
1394 1777 1396 1779 ,

317 1824 467 1890 finitimis
483 1826 666 1910 imperavit,
682 1835 720 1890 ut
734 1826 778 1891 ab
799 1824 917 1889 iniuria
936 1835 970 1890 et
986 1824 1148 1890 maleficio
1168 1845 1205 1888 se
1223 1844 1367 1907 suosque

316 1929 537 2012 prohiberent.

360 2033 541 2111 Aduatuci,
558 2033 600 2097 de
624 2032 745 2115 quibus
767 2033 1090 2115 suprascripsimus,
1112 2051 1188 2096 curn
1211 2032 1423 2095 omnibusne

317 2138 419 2221 copiis
440 2136 567 2201 auxilio
591 2137 722 2201 Nerviis
743 2138 903 2211 venirent,
925 2138 988 2200 hac
1010 2155 1123 2219 pugna
1145 2135 1296 2200 nuntiata
1321 2156 1365 2199 ex

316 2242 431 2306 itinere
446 2243 584 2305 domum
604 2248 828 2316 reverterunt3
858 2239 985 2304 cunctis
1002 2238 1135 2322 oppidis
1156 2238 1365 2320 castellisque
1380 2259 1393 2292 2

315 2345 454 2410 desertis
479 2365 540 2408 sua
564 2344 677 2410 omnia
702 2343 736 2407 in
763 2364 867 2407 unum
898 2343 1060 2427 oppidum
1089 2343 1221 2428 egregie
1246 2351 1364 2407 natura

317 2449 480 2514 munitum
506 2447 726 2514 contulerunt.
771 2444 874 2532 Quod
897 2467 973 2512 cum
999 2468 1044 2512 ex
1070 2446 1226 2511 omnibus
1248 2446 1282 2510 in
1304 2447 1393 2512 cir-s

315 2555 406 2618 cuitu
422 2553 573 2636 partibus
588 2553 767 2618 altissimas
786 2572 885 2637 rupes
900 2552 1115 2634 deiectusque
1136 2550 1284 2630 haberet,
1300 2571 1366 2615 una

316 2680 361 2723 ex
394 2669 489 2740 parte
522 2657 640 2722 leniter
675 2656 808 2722 acclivis
841 2657 952 2722 aditus
986 2656 1020 2719 in
1054 2656 1263 2721 latitudinem
1298 2676 1365 2721 non

316 2755 459 2840 amplius
474 2758 694 2822 ducentorum
710 2757 835 2841 pedum
851 2757 1096 2839 relinquebatur
1109 2780 1118 2833 3
1138 2776 1239 2838 quern
1255 2756 1364 2821 locum

316 2859 440 2944 duplici
463 2860 627 2925 altissimo
650 2881 745 2926 muro
767 2862 974 2937 munierant;
996 2871 1068 2925 turn
1085 2862 1196 2945 magni
1211 2862 1365 2944 ponderis

348 3011 393 3057 28.
418 3011 431 3066 ς
454 3020 476 3055 1.
494 3009 665 3058 dlxerunuu.
700 3008 739 3071 16,
760 3010 774 3067 ς
794 3025 820 3071 4.
860 3008 925 3058 their
950 3009 1109 3059 transcribers
1136 3008 1199 3058 heve
1225 3010 1302 3060 erred.
1343 3010 1368 3060 It

317 3073 688 3134 Fortheteuseueeii.1,§1.
860 3073 1368 3141 shoddbeohservedthnCaemgires

351 3142 364 3199 ς
383 3153 406 3190 2.
423 3153 459 3188 ex
475 3141 616 3188 sexcentis
633 3141 671 3188 ed
688 3145 755 3200 tres,
772 3142 819 3189 hu.
860 3138 903 3189 the
914 3139 1030 3188 numbers
1043 3155 1075 3189 ou
1092 3139 1134 3189 the
1150 3140 1213 3191 luith
1228 3141 1259 3191 ol
1271 3140 1314 3190 the
1330 3157 1368 3192 re·

317 3204 435 3255 Plutarch
458 3202 541 3267 (em.
561 3210 611 3261 πο),
634 3204 709 3255 while
731 3204 820 3319 ξενίας
860 3205 1039 3269 presentationi
1060 3204 1134 3255 mede
1162 3206 1195 3270 hy
1215 3206 1258 3257 the
1279 3206 1368 3256 Nervii

318 3269 429 3322 Cuesar's
439 3276 570 3320 statement
583 3269 613 3319 oi
623 3268 665 3319 the
677 3285 735 3318 num
770 3268 824 3318 roi
860 3269 1014 3319 themselves
1048 3269 1126 3319 Their
1147 3287 1203 3322 cese
1223 3272 1300 3323 could
1323 3283 1368 3322 not

318 3338 360 3388 the
371 3336 443 3393 eisin,
454 3335 539 3386 makes
555 3334 597 3385 the
613 3334 660 3384 inll
676 3334 781 3384 number
794 3334 824 3384 ol
861 3334 924 3384 have
941 3334 1002 3384 been
1019 3335 1128 3405 quirem
1162 3336 1248 3387 itieble
1266 3354 1294 3387 es
1308 3337 1368 3402 they

316 3410 426 3453 senators
443 3401 503 3465 only
535 3399 754 3450 οο-ιενπκόσιοι
772 3397 822 3463 γὰρ
862 3400 935 3450 made
947 3409 1000 3459 out,
1010 3402 1076 3450 since
1088 3416 1125 3451 we
1175 3402 1276 3453 dthem
1292 3404 1368 3467 ready

316 3467 365 3516 ieri
387 3465 505 3531 mpsim
538 3471 553 3529 ξ
574 3465 678 3527 σωθῆναι
693 3464 821 3528 λέγονται,
862 3474 890 3515 to
911 3464 969 3515 tuke
985 3480 1021 3530 up
1035 3481 1102 3515 arms
1117 3469 1193 3533 egeiu
1211 3469 1281 3519 three
1296 3484 1368 3534 years

316 3533 450 3588 βουλευταὶ
467 3532 493 3582 ii
510 3531 573 3590 τρεῖς
588 3532 635 3580 uei
651 3529 822 3593 τετρακοσίων.
862 3531 926 3581 luter
943 3533 977 3591 (u.
994 3532 1047 3592 38),
1063 3532 1114 3581 und
1131 3537 1191 3597 they
1206 3541 1260 3584 seut
1276 3550 1292 3583 ι
1308 3551 1368 3585 oon·

317 3599 381 3663 Livy
400 3599 479 3664 (Epir.
501 3606 558 3662 104)
581 3600 661 3647 varies
686 3597 752 3647 from
779 3596 823 3647 the
862 3598 958 3662 tiugeut
983 3605 1011 3647 to
1034 3596 1221 3663 Vercingetorix
1245 3600 1300 3662 (vii.
1326 3612 1367 3664 75,

317 3663 408 3715 former
430 3672 485 3730 part
507 3665 537 3714 oi
555 3664 668 3714 Cuesar'e
683 3672 822 3724 stmement,
864 3663 932 3727 53).

318 3730 362 3779 but
384 3745 469 3794 agrees
490 3729 552 3779 with
573 3730 616 3780 the
638 3729 823 3794 latter-‘quse
895 3733 940 3779 20.
967 3733 1133 3788 §ianm
1168 3731 1208 3794 16,
1227 3734 1241 3791 ς
1262 3745 1286 3794 3.
1319 3730 1367 3782 See

317 3794 409 3844 bellum
432 3794 515 3858 gessit,
539 3796 617 3845 donec
639 3811 669 3845 ex
695 3796 824 3860 sexaginte
862 3794 951 3859 elso4,
966 3798 979 3853 i
993 3809 1017 3859 9.

317 3859 429 3909 millibus
444 3868 594 3910 ermetomm
617 3861 719 3912 trecenti
740 3876 823 3926 super·
897 3862 946 3919 §a
962 3865 1206 3919 unumoppidum
1232 3862 1274 3911 Ne
1309 3861 1368 3911 leun

317 3932 411 3974 esseut:
430 3940 461 3973 ex
471 3927 590 3975 sexoemiu
604 3926 759 3976 senatoribus
774 3935 824 3975 tres
863 3924 904 3975 ΙΙΙ
924 3926 1047 3976 identifiee
1065 3927 1116 3976 this
1155 3927 1210 3976 laoe
1236 3927 1268 3975 wi
1323 3927 1366 3976 the

317 3997 413 4039 tuntum
427 3989 571 4041 evaderent’
604 3992 691 4042 Hence
709 4007 746 4041 we
764 4006 824 4055 may
862 3991 953 4041 citadei
967 3992 996 4041 oi
1009 3993 1119 4041 Numur:
1137 3943 1180 4042 hut
1196 3992 1273 4041 Ghler

317 4053 381 4104 inser
401 4052 457 4104 thet
474 4055 535 4104 both
551 4057 620 4106 there
642 4056 743 4106 authors
757 4072 823 4106 were
862 4056 882 4106 it
893 4055 985 4106 further
999 4058 1073 4106 down
1089 4057 1132 4108 the
1148 4058 1234 4107 Mense
1251 4058 1366 4122 opposite

317 4120 420 4187 quoting
446 4120 545 4180 Caesar,
569 4122 614 4170 but
636 4122 691 4171 that
712 4121 771 4186 they
793 4137 823 4172 or
861 4120 1100 4187 thetowuosHny.
