3234 5134
335 611 376 692 78
679 621 709 676 c.
733 621 831 676 sunu
852 620 1040 675 cassans
1285 623 1335 688 [n
1349 635 1381 672 1-

165 806 226 857 ,ιώ
237 806 277 858 m.
335 786 481 872 imperio,
496 805 572 852 curn
586 784 651 851 sibi
665 786 807 869 quisque
821 786 965 870 primum
985 786 1111 851 itineris
1126 786 1236 852 locum
1251 795 1380 870 peteret

167 872 275 939 cavalry.
335 901 370 957 et
391 892 528 957 domum
551 891 722 974 pervenire
743 901 944 975 properaret,
965 888 1125 967 lecerunt,
1141 900 1180 957 ut
1201 890 1381 957 consimilis

334 994 434 1079 fugae
458 993 620 1079 profectio
644 995 821 1059 videretur.
868 994 944 1060 Hac
970 1014 1005 1059 re
1033 995 1148 1061 statim
1174 995 1298 1062 Caesar
1321 1014 1409 1080 pera

333 1097 559 1183 speculatores
573 1099 709 1184 cognita
722 1098 856 1164 insidias
870 1099 1004 1177 veritus,
1019 1101 1121 1182 quod,
1135 1119 1203 1183 qua
1219 1100 1264 1164 de
1283 1120 1382 1166 causa

334 1202 552 1281 discederent,
585 1203 735 1268 nondum
771 1213 996 1287 perspexerat,
1033 1203 1216 1270 exercitum
1254 1204 1382 1286 equita·

334 1316 474 1388 tumque
491 1306 607 1372 castris
626 1306 799 1373 continuit.
844 1307 952 1372 Prima
973 1307 1047 1373 luce
1066 1308 1262 1374 confirmata
1281 1327 1318 1372 re
1338 1309 1411 1373 abs

335 1410 603 1496 exploratoribus
615 1430 750 1476 omnem
761 1412 955 1494 equitatum,
965 1412 1022 1494 qui
1035 1412 1249 1477 novissimum
1260 1431 1381 1496 agmen

334 1524 528 1590 moraretur,
543 1515 722 1598 praemisit.
766 1516 831 1580 His
847 1514 1010 1600 Quintum
1027 1516 1167 1581 Pedium
1189 1528 1223 1582 et
1239 1516 1380 1582 Lucium

335 1618 596 1684 Aurunculeium
614 1617 750 1685 Cottam
764 1617 894 1703 legatos
913 1619 1083 1703 praefecit.
1129 1620 1245 1687 Titum
1261 1621 1382 1687 Labie·

334 1742 415 1788 num
430 1722 577 1808 legatum
592 1743 668 1789 cum
684 1723 868 1808 legionibus
883 1724 988 1789 tribus
1007 1725 1165 1806 subsequi
1184 1724 1289 1790 iussit.
1335 1724 1381 1791 Hi
1394 1742 1412 1792 4

335 1826 531 1893 novissimos
565 1828 675 1892 adorti
705 1837 739 1892 et
769 1826 875 1890 multa
904 1825 993 1892 milia
1026 1846 1185 1909 passuum
1218 1831 1383 1913 prosecuti

335 1950 492 2015 magnam
519 1930 765 1996 multitudinem
792 1950 907 1995 eorum
935 1929 1131 2014 fugientium
1161 1933 1382 2007 conciderunt,

335 2055 412 2100 cum
437 2036 481 2100 ab
508 2046 661 2100 extremo
685 2034 828 2118 agmine,
854 2035 897 2099 ad
923 2054 1008 2116 quos
1033 2044 1170 2101 ventum
1197 2046 1277 2115 erat,
1301 2016 1382 2101 con:

335 2138 490 2204 sisterent
517 2139 710 2221 fortiterque
736 2138 899 2223 impetum
925 2148 1113 2204 nostrorum
1139 2139 1285 2205 militum
1309 2160 1381 2203 sus·

335 2243 488 2320 tinerent,
518 2243 654 2328 priores,
684 2243 774 2324 quod
808 2243 928 2307 abesse
960 2263 983 2307 a
1014 2242 1161 2326 periculo
1193 2244 1410 2309 viderenturs

337 2367 447 2430 neque
480 2346 547 2412 ulla
579 2345 775 2412 necessitate
807 2365 918 2428 neque
950 2346 1090 2431 imperio
1127 2349 1380 2422 continerentur,

337 2451 498 2517 exaudito
521 2451 665 2517 clamore
690 2450 891 2534 perturbatis
915 2450 1084 2516 ordinibus
1106 2471 1222 2517 omnes
1246 2452 1281 2515 in
1304 2451 1382 2537 suga

336 2554 398 2620 sibi
414 2556 614 2639 praesidium
634 2564 804 2639 ponerent.
850 2554 902 2619 Ita
918 2555 988 2618 sine
1004 2553 1072 2619 ullo
1092 2555 1238 2638 periculo
1253 2561 1411 2621 tantam⁶

337 2679 456 2724 eorum
475 2660 722 2725 multitudinem
745 2659 849 2723 nostri
872 2657 1114 2739 interfecerunt,
1135 2670 1298 2742 quantum
1320 2659 1383 2725 fuit

337 2763 403 2827 diei
423 2764 578 2847 spatium,
593 2764 655 2827 sub
674 2782 895 2845 occasumque
913 2761 993 2827 solis
1012 2762 1209 2829 destiterunt
1228 2783 1330 2847 seque
1350 2764 1382 2828 in

337 2874 455 2941 castra,
469 2875 508 2930 ut
522 2877 594 2931 erat
608 2865 819 2951 imperatum,
832 2877 1036 2949 receperunt

169 2986 304 3042 smder
380 2967 544 3033 Postridie
573 2969 648 3033 eius·
672 2970 737 3034 diei
765 2967 897 3045 Caesar,
921 2970 1116 3053 priusquam
1139 2991 1175 3034 se
1200 2971 1312 3038 hostes
1338 2992 1382 3037 ex
1395 2986 1433 3041 12

169 3056 319 3173 ἔξω
336 3084 459 3139 terrore
487 3093 526 3137 ac
560 3072 639 3155 suga
670 3074 862 3157 reciperent,
890 3072 923 3136 in
953 3072 1037 3138 fines
1067 3073 1291 3149 Suessionum,
1325 3077 1382 3157 qui

337 3176 482 3262 proximi
500 3175 614 3241 Remis
632 3185 732 3252 erant,
747 3175 931 3241 exercitum
952 3177 1052 3241 duxit
1072 3188 1106 3243 et
1126 3197 1249 3261 magno
1269 3179 1384 3244 itinere

370 3334 409 3380 11.
429 3333 479 3392 53.
502 3331 621 3379 Oottem.
655 3327 733 3379 Cotta
758 3334 837 3379 wrote
886 3329 997 3381 benthe
1067 3329 1385 3392 btoltbeenclitiewbieh

337 3395 462 3447 sundro
476 3396 503 3445 ln
514 3394 596 3446 Greek
610 3409 644 3445 on
660 3394 703 3445 tbe
717 3394 837 3444 constitn-
886 3395 909 3445 is
927 3395 1060 3460 according
1070 3412 1087 3460 y
1097 3396 1214 3448 attached
1230 3405 1259 3448 to
1275 3398 1318 3449 the
1337 3399 1385 3450 lol-

337 3464 392 3514 uon
414 3461 443 3511 of
461 3461 504 3511 the
526 3460 643 3511 Romans.
687 3459 779 3510 Athea.
802 3460 836 3510 vi.
885 3460 982 3526 luwing
1000 3461 1078 3511 word.
1113 3462 1161 3527 Cp.
1177 3463 1204 3512 ll.
1219 3477 1259 3526 35.
1276 3467 1318 3527 §4
1336 3466 1394 3515 ‘ob'

340 3528 420 3592 aab.
453 3524 837 3592 Cp.n8,56‘ampllusoctin·
886 3524 1385 3592 usqneres'2vil1,§1‘desenatus·

337 3591 444 3658 gerrae!
886 3607 935 3657 qne
945 3590 1075 3644 conmlto?
1108 3593 1250 3659 numm
1266 3595 1386 3646 ‘inAfri-

373 3662 417 3721 55.
435 3659 747 3716 quod...vreersnrur.
780 3656 837 3707 'l'be
886 3655 1006 3723 enmqne'
1038 3658 1189 3710 Thisistlre
1262 3659 1385 3727 larum

338 3723 491 3786 subjunctive
499 3723 647 3774 bereisdue
656 3722 784 3801 merelpto
794 3722 838 3773 the
886 3723 1006 3773 inlatis.
1038 3724 1097 3774 The
1110 3726 1217 3787 enclitic,
1247 3728 1385 3787 cnemis

339 3787 389 3838 leet
400 3788 455 3838 that
465 3789 507 3839 the
519 3789 602 3840 clause
616 3804 684 3854 upon
695 3788 776 3839 whrch
786 3788 838 3838 this
886 3789 1063 3840 sometimesa
1129 3790 1178 3841 ded
1196 3799 1224 3842 to
1245 3791 1300 3852 ‘im'
1320 3790 1384 3851 ‘de,’

338 3853 370 3903 de
419 3853 838 3930 ds.⁴(eum)prlores...prae·
886 3853 1015 3906 and‘ex)
1096 3857 1167 3906 urin
1187 3856 1268 3919 nab,
1289 3859 1385 3916 §ane

336 3918 360 4034 pii
378 3919 431 3967 ium
444 3918 579 3984 ponerent,'
590 3920 613 3970 ls
626 3918 652 3969 in
667 3918 709 3970 the
724 3918 838 3983 rullJuuo·
886 3919 951 4034 bave
962 3921 1382 4039 ‘inhqppeamgemlinvll‘ssda

358 3998 425 4126 'n
442 4052 495 4126 ηρ
513 4064 706 4128 mis.
737 4052 837 4128 ,ln
1059 3992 1384 4116 aslues:

339 4121 450 4182 pennen
468 4113 608 4166 bke‘nrb'
624 4130 647 4166 u
663 4122 708 4166 too
725 4114 790 4181 light
807 4125 836 4167 to
886 4114 1121 4183 ‘lnqneesrnrem'
