3234 5134
400 636 461 699 290
746 628 774 681 c
799 627 895 680 rum
917 625 1107 679 cassans
1345 625 1452 693 [mr-

400 792 504 858 tnbus
525 791 710 874 legionibus
735 810 812 856 eum
842 791 952 856 locum
982 790 1078 875 petit,
1101 809 1169 873 quo
1198 807 1299 853 naves
1328 784 1449 871 appelli

401 897 547 961 iusserat

447 999 500 1065 Eo
518 1019 594 1066 cum
615 1007 703 1065 esset
716 1010 863 1073 ventum,
880 999 1109 1085 exploratores
1127 996 1284 1071 hostium,
1298 1005 1338 1061 ut
1355 994 1450 1059 omni
1461 996 1498 1052 cl

401 1102 545 1169 fluminis
567 1113 663 1187 parte
685 1113 780 1169 erant
801 1103 964 1188 dispositi,
979 1103 1198 1187 inopinantes,
1213 1101 1303 1185 quod
1326 1117 1450 1183 magna

401 1207 512 1274 subito
537 1218 608 1275 erat
633 1220 746 1275 coorta
772 1216 964 1293 tempestas,
985 1206 1030 1273 ab
1055 1207 1177 1273 nostris
1199 1206 1450 1291 opprimuntur;

400 1311 567 1377 exercitus
582 1312 814 1396 equitatusque
827 1312 994 1396 equitibus
1010 1311 1172 1376 Romanis
1191 1307 1475 1375 administranti-²

401 1414 472 1493 bus,
490 1435 573 1499 quos
595 1415 625 1481 ei
648 1417 784 1499 negotio
805 1414 1017 1500 praefecerat,
1037 1414 1186 1480 celeriter
1207 1412 1449 1479 transmittitur.
1565 1490 1566 1501 ἵ

402 1517 482 1585 Uno
517 1519 584 1585 sere
618 1531 770 1605 tempore
798 1519 862 1584 sub
892 1519 1000 1584 lucem
1028 1517 1180 1583 hostibus
1209 1516 1387 1593 nuntiatur,
1415 1517 1473 1580 ins

401 1622 516 1688 castris
540 1623 766 1689 Romanorum
790 1632 922 1707 praeter
944 1622 1220 1688 consuetudinem
1249 1618 1449 1695 tumultuari,
1565 1664 1566 1691 r

401 1735 435 1791 et
455 1746 615 1810 magnum
635 1727 683 1791 ire
704 1746 825 1812 agmen
847 1728 988 1792 adverso
1007 1724 1143 1792 flumine
1163 1725 1378 1809 sonitumque
1399 1743 1448 1788 re·
1565 1744 1566 1823 ἦ

401 1850 531 1895 morum
554 1831 586 1894 in
610 1831 727 1896 eadem
750 1842 846 1916 parte
868 1829 1020 1897 exaudui
1043 1839 1077 1895 et
1096 1828 1198 1914 paulo
1220 1829 1303 1893 iufra
1327 1828 1448 1893 milites
1565 1826 1566 1919 l

399 1933 537 1999 navibus
551 1935 776 2018 transportari.
821 1934 953 2019 Quibus
966 1935 1066 2000 rebus
1083 1933 1214 2009 auditis,
1229 1933 1319 2017 quod
1334 1932 1475 1997 existi-⁴

401 2038 538 2102 mabant
558 2038 663 2103 tribus
683 2038 764 2103 locis
784 2038 926 2104 transire
947 2036 1095 2121 legiones
1116 2047 1217 2122 atque
1239 2056 1354 2101 omnes
1376 2056 1449 2119 per·

401 2139 551 2205 turbatos
562 2139 746 2206 desectione
756 2139 953 2206 Aeduorum
965 2140 1079 2225 fugam
1094 2160 1219 2224 parare,
1230 2160 1306 2204 suas
1318 2159 1449 2223 quoqne

401 2244 516 2328 copias
541 2243 575 2307 in
602 2252 668 2309 tres
693 2256 804 2328 partes
833 2244 1080 2311 distribuerunt.
1126 2243 1215 2309 Nam
1242 2244 1407 2329 praesidio
1429 2255 1473 2305 es

401 2346 537 2431 regione
559 2356 743 2413 castrorum
771 2348 887 2415 relicto
912 2358 946 2414 et
972 2368 1074 2433 parva
1100 2368 1201 2414 manu
1224 2347 1447 2413 Metiosedum

400 2470 515 2517 versus
536 2451 645 2527 missa,
660 2471 747 2534 quae
762 2462 893 2517 tautum
914 2452 1153 2536 progrediamur,
1168 2460 1330 2535 quantum
1350 2471 1449 2516 naves

402 2554 649 2637 processissent,
660 2554 802 2639 reliquas
817 2556 931 2641 copias
945 2564 1063 2621 contra
1073 2555 1259 2621 Labienum
1273 2556 1450 2621 duxerunt

237 2671 383 2723 Hedum
448 2657 560 2723 Prima
590 2658 662 2724 luce
696 2667 732 2723 et
763 2660 868 2724 nostri
896 2679 1010 2725 omnes
1038 2667 1131 2724 mant
1159 2658 1389 2741 transportati,
1417 2669 1451 2723 et
1466 2667 1504 2721 οἱ

234 2738 385 2868 ffissffl
405 2761 551 2826 hostium
569 2764 656 2827 acies
677 2764 880 2829 cernebatur.
925 2762 1092 2828 Labienus
1112 2762 1232 2828 milites
1252 2762 1476 2838 cohortatus»

235 2870 335 2921 Caesar·
405 2873 444 2929 ut
454 2867 552 2929 ‘suae
567 2865 725 2948 pristinae
737 2866 868 2931 virtutis
883 2876 918 2930 et
932 2866 1242 2932 secundissimorum
1254 2864 1451 2949 proeliorum

405 2968 581 3032 retinerent
596 2969 790 3034 memoriam
806 2978 909 3053 atque
923 2969 1031 3055 ipsum
1048 2969 1233 3047 Caesarem,
1243 2969 1335 3034 cuius
1349 2972 1451 3035 ductu

403 3090 640 3154 saepenumero
680 3071 792 3138 hostes
834 3082 1055 3156 superassent,
1093 3081 1299 3159 praesentem
1336 3076 1452 3139 adesse

403 3172 654 3251 existimarent:
676 3176 734 3240 dat
760 3176 891 3260 signum
917 3177 1043 3261 proclii
1088 3176 1198 3241 Primo
1224 3197 1384 3243 concursu
1407 3177 1476 3242 abs

402 3280 525 3346 dextro
544 3300 656 3356 cornu,
675 3281 732 3345 ubi
754 3282 898 3364 septima
919 3281 1008 3367 legio
1030 3281 1234 3359 constiterat,
1248 3281 1361 3347 hostes
1383 3281 1450 3366 pel·

403 3383 515 3450 luntur
539 3393 640 3468 atque
665 3385 699 3448 in
725 3383 839 3469 sugam
867 3387 1089 3462 coniciuntur;
1119 3386 1165 3450 ab
1187 3386 1329 3464 sinistro,
1351 3406 1475 3470 quemi

403 3486 514 3554 locum
531 3488 728 3554 duodecima
742 3488 832 3571 legio
852 3491 998 3569 tenebat,
1013 3510 1089 3555 cum
1110 3489 1208 3573 primi
1227 3491 1360 3555 ordines
1374 3490 1451 3555 hos·

403 3593 488 3657 tium
511 3591 662 3656 transfixi
682 3591 757 3657 telis
778 3593 1010 3672 concidissent,
1025 3603 1138 3659 tamen
1157 3593 1316 3658 acerrime
1335 3593 1449 3677 reliqui

404 3697 608 3776 resistebant,
619 3716 678 3760 nec
693 3696 797 3761 dabat
812 3696 1031 3782 suspicionem
1047 3696 1146 3780 fugae
1159 3698 1344 3782 quisquam.
1376 3697 1473 3782 lpses

405 3798 477 3863 dux
490 3800 637 3865 hostium
654 3798 898 3885 Camulogenus
917 3801 986 3866 suis
1005 3802 1121 3868 aderat
1140 3811 1242 3885 atque
1261 3822 1318 3867 eos
1337 3801 1451 3867 cohor·

405 4112 563 4181 medeam)
586 4116 905 4184 Forthemlsedsequenee
