<?xml version="1.0" encoding="UTF-8"?>
<!DOCTYPE html PUBLIC "-//W3C//DTD XHTML 1.0 Transitional//EN"
    "http://www.w3.org/TR/xhtml1/DTD/xhtml1-transitional.dtd">
<html xmlns="http://www.w3.org/1999/xhtml" xml:lang="en" lang="en">
 <head>
  <title>
</title>
<meta http-equiv="Content-Type" content="text/html;charset=utf-8" />
  <meta name='ocr-system' content='tesseract 3.04.00' />
  <meta name='ocr-capabilities' content='ocr_page ocr_carea ocr_par ocr_line ocrx_word'/>
</head>
<body>
  <div class='ocr_page' id='page_1' title='image "./debellogallicob00stocgoog_0487.png"; bbox 0 0 3234 5134; ppageno 0'>
   <div class='ocr_carea' id='block_1_1' title="bbox 187 610 1239 714">
    <p class='ocr_par' dir='ltr' id='par_1_1' title="bbox 187 610 1239 714">
     <span class='ocr_line' id='line_1_1' title="bbox 187 610 1239 714; baseline -0.002 -18"><span class='ocrx_word' id='word_1_1' title='bbox 187 648 227 696; x_wconf 77' lang='lat' dir='ltr'>rs.</span> <span class='ocrx_word' id='word_1_2' title='bbox 240 610 307 710; x_wconf 64' lang='lat'>31&#39;</span> <span class='ocrx_word' id='word_1_3' title='bbox 414 644 468 695; x_wconf 78' lang='lat' dir='ltr'>na</span> <span class='ocrx_word' id='word_1_4' title='bbox 490 644 614 695; x_wconf 75' lang='lat' dir='ltr'>asmo</span> <span class='ocrx_word' id='word_1_5' title='bbox 639 644 805 696; x_wconf 66' lang='lat' dir='ltr'>saturo.</span> <span class='ocrx_word' id='word_1_6' title='bbox 857 644 926 696; x_wconf 78' lang='lat' dir='ltr'>trs.</span> <span class='ocrx_word' id='word_1_7' title='bbox 956 645 1009 695; x_wconf 75' lang='lat' dir='ltr'>vn</span> <span class='ocrx_word' id='word_1_8' title='bbox 1179 651 1239 714; x_wconf 78' lang='lat'>257</span> 
     </span>
    </p>
   </div>
   <div class='ocr_carea' id='block_1_2' title="bbox 142 805 1404 3790">
    <p class='ocr_par' dir='ltr' id='par_1_2' title="bbox 161 805 1240 994">
     <span class='ocr_line' id='line_1_2' title="bbox 189 805 1239 893; baseline 0.001 -23"><span class='ocrx_word' id='word_1_9' title='bbox 189 806 400 891; x_wconf 86' lang='lat' dir='ltr'>expeditiore</span> <span class='ocrx_word' id='word_1_10' title='bbox 422 828 457 871; x_wconf 92' lang='lat' dir='ltr'>re</span> <span class='ocrx_word' id='word_1_11' title='bbox 479 805 691 873; x_wconf 83' lang='lat' dir='ltr'>frumentaria</span> <span class='ocrx_word' id='word_1_12' title='bbox 710 816 864 887; x_wconf 90' lang='lat' dir='ltr'>uteretur,</span> <span class='ocrx_word' id='word_1_13' title='bbox 879 828 1073 893; x_wconf 78' lang='lat' dir='ltr'>oppugnare</span> <span class='ocrx_word' id='word_1_14' title='bbox 1096 807 1239 872; x_wconf 87' lang='lat' dir='ltr'>instituit</span> 
     </span>
     <span class='ocr_line' id='line_1_3' title="bbox 161 909 1240 994; baseline 0.006 -26"><span class='ocrx_word' id='word_1_15' title='bbox 161 909 289 993; x_wconf 74' lang='lat' dir='ltr'>ridque</span> <span class='ocrx_word' id='word_1_16' title='bbox 311 910 415 975; x_wconf 87' lang='lat' dir='ltr'>biduo</span> <span class='ocrx_word' id='word_1_17' title='bbox 434 909 712 990; x_wconf 80' lang='lat' dir='ltr'>circumvallavit3</span> <span class='ocrx_word' id='word_1_18' title='bbox 735 912 833 976; x_wconf 90' lang='lat' dir='ltr'>tertio</span> <span class='ocrx_word' id='word_1_19' title='bbox 856 912 911 975; x_wconf 89' lang='lat' dir='ltr'>die</span> <span class='ocrx_word' id='word_1_20' title='bbox 930 912 1038 977; x_wconf 89' lang='lat' dir='ltr'>missis</span> <span class='ocrx_word' id='word_1_21' title='bbox 1053 931 1098 975; x_wconf 87' lang='lat' dir='ltr'>ex</span> <span class='ocrx_word' id='word_1_22' title='bbox 1113 911 1240 994; x_wconf 92' lang='lat' dir='ltr'>oppido</span> 
     </span>
    </p>

    <p class='ocr_par' dir='ltr' id='par_1_3' title="bbox 161 1012 1240 1201">
     <span class='ocr_line' id='line_1_4' title="bbox 189 1012 1240 1099; baseline 0 -22"><span class='ocrx_word' id='word_1_23' title='bbox 189 1013 307 1097; x_wconf 89' lang='lat' dir='ltr'>legatis</span> <span class='ocrx_word' id='word_1_24' title='bbox 339 1015 383 1078; x_wconf 90' lang='lat' dir='ltr'>de</span> <span class='ocrx_word' id='word_1_25' title='bbox 411 1015 580 1079; x_wconf 89' lang='lat' dir='ltr'>deditione</span> <span class='ocrx_word' id='word_1_26' title='bbox 609 1035 701 1079; x_wconf 87' lang='lat' dir='ltr'>arma</span> <span class='ocrx_word' id='word_1_27' title='bbox 730 1012 879 1093; x_wconf 82' lang='lat' dir='ltr'>conferri,</span> <span class='ocrx_word' id='word_1_28' title='bbox 909 1016 1056 1080; x_wconf 88' lang='lat' dir='ltr'>iumenta</span> <span class='ocrx_word' id='word_1_29' title='bbox 1092 1014 1240 1099; x_wconf 85' lang='lat' dir='ltr'>produci,</span> 
     </span>
     <span class='ocr_line' id='line_1_5' title="bbox 161 1117 1240 1201; baseline 0 -20"><span class='ocrx_word' id='word_1_30' title='bbox 161 1144 176 1191; x_wconf 76' lang='lat'>3</span> <span class='ocrx_word' id='word_1_31' title='bbox 189 1128 358 1182; x_wconf 88' lang='lat' dir='ltr'>sescentos</span> <span class='ocrx_word' id='word_1_32' title='bbox 371 1118 506 1182; x_wconf 85' lang='lat' dir='ltr'>obsides</span> <span class='ocrx_word' id='word_1_33' title='bbox 519 1118 590 1182; x_wconf 90' lang='lat' dir='ltr'>dari</span> <span class='ocrx_word' id='word_1_34' title='bbox 611 1118 712 1183; x_wconf 90' lang='lat' dir='ltr'>iubet.</span> <span class='ocrx_word' id='word_1_35' title='bbox 758 1117 809 1182; x_wconf 88' lang='lat' dir='ltr'>Ea</span> <span class='ocrx_word' id='word_1_36' title='bbox 824 1119 882 1201; x_wconf 94' lang='lat' dir='ltr'>qui</span> <span class='ocrx_word' id='word_1_37' title='bbox 903 1118 1088 1196; x_wconf 86' lang='lat' dir='ltr'>conficeret,</span> <span class='ocrx_word' id='word_1_38' title='bbox 1104 1117 1142 1184; x_wconf 90' lang='lat' dir='ltr'>C.</span> <span class='ocrx_word' id='word_1_39' title='bbox 1158 1117 1240 1182; x_wconf 86' lang='lat' dir='ltr'>Tre·</span> 
     </span>
    </p>

    <p class='ocr_par' dir='ltr' id='par_1_4' title="bbox 161 1215 1404 1411">
     <span class='ocr_line' id='line_1_6' title="bbox 190 1215 1404 1309; baseline -0.004 -24"><span class='ocrx_word' id='word_1_40' title='bbox 190 1223 327 1285; x_wconf 91' lang='lat' dir='ltr'>bonium</span> <span class='ocrx_word' id='word_1_41' title='bbox 347 1220 496 1304; x_wconf 88' lang='lat' dir='ltr'>legatum</span> <span class='ocrx_word' id='word_1_42' title='bbox 516 1219 681 1303; x_wconf 85' lang='lat' dir='ltr'>relinquit.</span> <span class='ocrx_word' id='word_1_43' title='bbox 727 1220 804 1303; x_wconf 88' lang='lat' dir='ltr'>Ipse</span> <span class='ocrx_word' id='word_1_44' title='bbox 824 1215 996 1309; x_wconf 90' lang='lat' dir='ltr'>[utquam</span> <span class='ocrx_word' id='word_1_45' title='bbox 1020 1222 1163 1305; x_wconf 88' lang='lat' dir='ltr'>primurn</span> <span class='ocrx_word' id='word_1_46' title='bbox 1179 1222 1241 1287; x_wconf 89' lang='lat' dir='ltr'>iter</span> <span class='ocrx_word' id='word_1_47' title='bbox 1252 1231 1361 1297; x_wconf 67' lang='lat' dir='ltr'>Caprae</span> <span class='ocrx_word' id='word_1_48' title='bbox 1373 1230 1404 1281; x_wconf 79' lang='lat' dir='ltr'>or</span> 
     </span>
     <span class='ocr_line' id='line_1_7' title="bbox 161 1297 1391 1411; baseline -0.002 -19"><span class='ocrx_word' id='word_1_49' title='bbox 161 1319 325 1411; x_wconf 69' lang='lat' dir='ltr'>slaceret]</span> <span class='ocrx_word' id='word_1_50' title='bbox 364 1323 541 1389; x_wconf 87' lang='lat' dir='ltr'>Genabum</span> <span class='ocrx_word' id='word_1_51' title='bbox 579 1322 763 1389; x_wconf 88' lang='lat' dir='ltr'>Carnutum</span> <span class='ocrx_word' id='word_1_52' title='bbox 801 1325 1036 1409; x_wconf 87' lang='lat' dir='ltr'>proficiscitur;</span> <span class='ocrx_word' id='word_1_53' title='bbox 1073 1327 1130 1408; x_wconf 90' lang='lat' dir='ltr'>qui</span> <span class='ocrx_word' id='word_1_54' title='bbox 1167 1333 1240 1390; x_wconf 90' lang='lat' dir='ltr'>turn</span> <span class='ocrx_word' id='word_1_55' title='bbox 1252 1297 1391 1348; x_wconf 57' lang='lat' dir='ltr'>mabam.</span> 
     </span>
    </p>

    <p class='ocr_par' dir='ltr' id='par_1_5' title="bbox 189 1425 1241 1513">
     <span class='ocr_line' id='line_1_8' title="bbox 189 1425 1241 1513; baseline 0 -21"><span class='ocrx_word' id='word_1_56' title='bbox 189 1428 336 1513; x_wconf 88' lang='lat' dir='ltr'>primurn</span> <span class='ocrx_word' id='word_1_57' title='bbox 362 1425 465 1492; x_wconf 89' lang='lat' dir='ltr'>allato</span> <span class='ocrx_word' id='word_1_58' title='bbox 494 1428 611 1492; x_wconf 87' lang='lat' dir='ltr'>nuntio</span> <span class='ocrx_word' id='word_1_59' title='bbox 636 1427 679 1491; x_wconf 90' lang='lat' dir='ltr'>de</span> <span class='ocrx_word' id='word_1_60' title='bbox 709 1430 959 1511; x_wconf 80' lang='lat' dir='ltr'>oppugnatione</span> <span class='ocrx_word' id='word_1_61' title='bbox 987 1427 1241 1504; x_wconf 86' lang='lat' dir='ltr'>Vellaunoduni,</span> 
     </span>
    </p>

    <p class='ocr_par' dir='ltr' id='par_1_6' title="bbox 190 1532 1240 1615">
     <span class='ocr_line' id='line_1_9' title="bbox 190 1532 1240 1615; baseline 0.001 -20"><span class='ocrx_word' id='word_1_62' title='bbox 190 1552 267 1596; x_wconf 91' lang='lat' dir='ltr'>cum</span> <span class='ocrx_word' id='word_1_63' title='bbox 297 1532 427 1614; x_wconf 91' lang='lat' dir='ltr'>longius</span> <span class='ocrx_word' id='word_1_64' title='bbox 455 1552 530 1595; x_wconf 92' lang='lat' dir='ltr'>eam</span> <span class='ocrx_word' id='word_1_65' title='bbox 555 1552 625 1596; x_wconf 91' lang='lat' dir='ltr'>rem</span> <span class='ocrx_word' id='word_1_66' title='bbox 651 1532 788 1596; x_wconf 90' lang='lat' dir='ltr'>ductum</span> <span class='ocrx_word' id='word_1_67' title='bbox 817 1532 854 1596; x_wconf 93' lang='lat' dir='ltr'>iri</span> <span class='ocrx_word' id='word_1_68' title='bbox 881 1533 1119 1609; x_wconf 82' lang='lat' dir='ltr'>existimarent,</span> <span class='ocrx_word' id='word_1_69' title='bbox 1146 1553 1240 1615; x_wconf 90' lang='lat' dir='ltr'>prae-</span> 
     </span>
    </p>

    <p class='ocr_par' dir='ltr' id='par_1_7' title="bbox 163 1632 1241 1822">
     <span class='ocr_line' id='line_1_10' title="bbox 191 1632 1240 1720; baseline 0.002 -20"><span class='ocrx_word' id='word_1_70' title='bbox 191 1636 311 1700; x_wconf 87' lang='lat' dir='ltr'>sidium</span> <span class='ocrx_word' id='word_1_71' title='bbox 337 1632 465 1717; x_wconf 72' lang='lat' dir='ltr'>Genabi</span> <span class='ocrx_word' id='word_1_72' title='bbox 488 1635 605 1699; x_wconf 90' lang='lat' dir='ltr'>tuendi</span> <span class='ocrx_word' id='word_1_73' title='bbox 629 1655 737 1712; x_wconf 90' lang='lat' dir='ltr'>causa,</span> <span class='ocrx_word' id='word_1_74' title='bbox 762 1637 854 1720; x_wconf 92' lang='lat' dir='ltr'>quod</span> <span class='ocrx_word' id='word_1_75' title='bbox 882 1657 923 1701; x_wconf 88' lang='lat' dir='ltr'>eo</span> <span class='ocrx_word' id='word_1_76' title='bbox 948 1636 1124 1712; x_wconf 86' lang='lat' dir='ltr'>mitterent,</span> <span class='ocrx_word' id='word_1_77' title='bbox 1150 1657 1240 1702; x_wconf 90' lang='lat' dir='ltr'>corn-</span> 
     </span>
     <span class='ocr_line' id='line_1_11' title="bbox 163 1737 1241 1822; baseline -0.002 -16"><span class='ocrx_word' id='word_1_78' title='bbox 163 1738 361 1821; x_wconf 82' lang='lat' dir='ltr'>sparabant.</span> <span class='ocrx_word' id='word_1_79' title='bbox 408 1737 485 1803; x_wconf 91' lang='lat' dir='ltr'>Huc</span> <span class='ocrx_word' id='word_1_80' title='bbox 502 1738 604 1803; x_wconf 90' lang='lat' dir='ltr'>biduo</span> <span class='ocrx_word' id='word_1_81' title='bbox 625 1739 785 1821; x_wconf 86' lang='lat' dir='ltr'>pervenit.</span> <span class='ocrx_word' id='word_1_82' title='bbox 832 1738 959 1804; x_wconf 83' lang='lat' dir='ltr'>Castris</span> <span class='ocrx_word' id='word_1_83' title='bbox 980 1749 1058 1804; x_wconf 89' lang='lat' dir='ltr'>ante</span> <span class='ocrx_word' id='word_1_84' title='bbox 1081 1739 1241 1822; x_wconf 89' lang='lat' dir='ltr'>oppidum</span> 
     </span>
    </p>

    <p class='ocr_par' dir='ltr' id='par_1_8' title="bbox 192 1841 1241 1926">
     <span class='ocr_line' id='line_1_12' title="bbox 192 1841 1241 1926; baseline 0 -20"><span class='ocrx_word' id='word_1_85' title='bbox 192 1842 318 1926; x_wconf 86' lang='lat' dir='ltr'>positis,</span> <span class='ocrx_word' id='word_1_86' title='bbox 349 1841 415 1906; x_wconf 91' lang='lat' dir='ltr'>diei</span> <span class='ocrx_word' id='word_1_87' title='bbox 444 1852 598 1924; x_wconf 87' lang='lat' dir='ltr'>tempore</span> <span class='ocrx_word' id='word_1_88' title='bbox 625 1841 780 1906; x_wconf 86' lang='lat' dir='ltr'>exclusus</span> <span class='ocrx_word' id='word_1_89' title='bbox 810 1843 844 1906; x_wconf 91' lang='lat' dir='ltr'>in</span> <span class='ocrx_word' id='word_1_90' title='bbox 875 1853 1044 1925; x_wconf 88' lang='lat' dir='ltr'>posterum</span> <span class='ocrx_word' id='word_1_91' title='bbox 1069 1863 1241 1925; x_wconf 90' lang='lat' dir='ltr'>oppugna-</span> 
     </span>
    </p>

    <p class='ocr_par' dir='ltr' id='par_1_9' title="bbox 161 1945 1242 2134">
     <span class='ocr_line' id='line_1_13' title="bbox 192 1945 1242 2029; baseline 0.001 -19"><span class='ocrx_word' id='word_1_92' title='bbox 192 1947 318 2010; x_wconf 91' lang='lat' dir='ltr'>tionem</span> <span class='ocrx_word' id='word_1_93' title='bbox 340 1945 452 2011; x_wconf 85' lang='lat' dir='ltr'>dillert</span> <span class='ocrx_word' id='word_1_94' title='bbox 473 1965 624 2029; x_wconf 89' lang='lat' dir='ltr'>quaeque</span> <span class='ocrx_word' id='word_1_95' title='bbox 646 1945 688 2010; x_wconf 89' lang='lat' dir='ltr'>ad</span> <span class='ocrx_word' id='word_1_96' title='bbox 711 1966 786 2010; x_wconf 89' lang='lat' dir='ltr'>earn</span> <span class='ocrx_word' id='word_1_97' title='bbox 809 1964 878 2010; x_wconf 88' lang='lat' dir='ltr'>reru</span> <span class='ocrx_word' id='word_1_98' title='bbox 899 1947 973 2010; x_wconf 91' lang='lat' dir='ltr'>usui</span> <span class='ocrx_word' id='word_1_99' title='bbox 996 1947 1062 2011; x_wconf 88' lang='lat' dir='ltr'>sint</span> <span class='ocrx_word' id='word_1_100' title='bbox 1085 1946 1242 2011; x_wconf 84' lang='lat' dir='ltr'>militibus</span> 
     </span>
     <span class='ocr_line' id='line_1_14' title="bbox 161 2048 1242 2134; baseline 0.004 -26"><span class='ocrx_word' id='word_1_101' title='bbox 161 2050 335 2134; x_wconf 74' lang='lat' dir='ltr'>simperat</span> <span class='ocrx_word' id='word_1_102' title='bbox 362 2057 406 2126; x_wconf 89' lang='lat' dir='ltr'>et,</span> <span class='ocrx_word' id='word_1_103' title='bbox 435 2049 527 2132; x_wconf 91' lang='lat' dir='ltr'>quod</span> <span class='ocrx_word' id='word_1_104' title='bbox 564 2048 726 2133; x_wconf 90' lang='lat' dir='ltr'>oppidum</span> <span class='ocrx_word' id='word_1_105' title='bbox 764 2048 938 2114; x_wconf 88' lang='lat' dir='ltr'>Genabum</span> <span class='ocrx_word' id='word_1_106' title='bbox 976 2070 1060 2134; x_wconf 90' lang='lat' dir='ltr'>pons</span> <span class='ocrx_word' id='word_1_107' title='bbox 1096 2049 1242 2117; x_wconf 88' lang='lat' dir='ltr'>fluminis</span> 
     </span>
    </p>

    <p class='ocr_par' dir='ltr' id='par_1_10' title="bbox 164 2152 1242 2342">
     <span class='ocr_line' id='line_1_15' title="bbox 194 2152 1241 2238; baseline -0.001 -20"><span class='ocrx_word' id='word_1_108' title='bbox 194 2154 322 2238; x_wconf 86' lang='lat' dir='ltr'>Ligeris</span> <span class='ocrx_word' id='word_1_109' title='bbox 352 2152 554 2231; x_wconf 87' lang='lat' dir='ltr'>continebat,</span> <span class='ocrx_word' id='word_1_110' title='bbox 579 2154 713 2231; x_wconf 89' lang='lat' dir='ltr'>veritus,</span> <span class='ocrx_word' id='word_1_111' title='bbox 738 2172 781 2216; x_wconf 90' lang='lat' dir='ltr'>ne</span> <span class='ocrx_word' id='word_1_112' title='bbox 809 2162 911 2218; x_wconf 92' lang='lat' dir='ltr'>noctu</span> <span class='ocrx_word' id='word_1_113' title='bbox 941 2173 986 2217; x_wconf 86' lang='lat' dir='ltr'>ex</span> <span class='ocrx_word' id='word_1_114' title='bbox 1011 2154 1137 2236; x_wconf 91' lang='lat' dir='ltr'>oppido</span> <span class='ocrx_word' id='word_1_115' title='bbox 1166 2174 1241 2236; x_wconf 90' lang='lat' dir='ltr'>pro-</span> 
     </span>
     <span class='ocr_line' id='line_1_16' title="bbox 164 2256 1242 2342; baseline -0.001 -21"><span class='ocrx_word' id='word_1_116' title='bbox 164 2258 350 2342; x_wconf 74' lang='lat' dir='ltr'>tingerent,</span> <span class='ocrx_word' id='word_1_117' title='bbox 366 2256 450 2321; x_wconf 89' lang='lat' dir='ltr'>duas</span> <span class='ocrx_word' id='word_1_118' title='bbox 465 2256 611 2340; x_wconf 88' lang='lat' dir='ltr'>legiones</span> <span class='ocrx_word' id='word_1_119' title='bbox 631 2256 779 2320; x_wconf 88' lang='lat' dir='ltr'>inarmis</span> <span class='ocrx_word' id='word_1_120' title='bbox 802 2256 969 2321; x_wconf 89' lang='lat' dir='ltr'>excubare</span> <span class='ocrx_word' id='word_1_121' title='bbox 987 2257 1087 2322; x_wconf 88' lang='lat' dir='ltr'>iubet.</span> <span class='ocrx_word' id='word_1_122' title='bbox 1132 2256 1242 2322; x_wconf 88' lang='lat' dir='ltr'>Gena-</span> 
     </span>
    </p>

    <p class='ocr_par' dir='ltr' id='par_1_11' title="bbox 164 2359 1242 2548">
     <span class='ocr_line' id='line_1_17' title="bbox 193 2359 1242 2443; baseline 0.001 -18"><span class='ocrx_word' id='word_1_123' title='bbox 193 2361 312 2425; x_wconf 89' lang='lat' dir='ltr'>benses</span> <span class='ocrx_word' id='word_1_124' title='bbox 338 2359 438 2442; x_wconf 89' lang='lat' dir='ltr'>paulo</span> <span class='ocrx_word' id='word_1_125' title='bbox 464 2370 543 2426; x_wconf 88' lang='lat' dir='ltr'>ante</span> <span class='ocrx_word' id='word_1_126' title='bbox 567 2362 712 2425; x_wconf 87' lang='lat' dir='ltr'>mediam</span> <span class='ocrx_word' id='word_1_127' title='bbox 738 2369 871 2424; x_wconf 88' lang='lat' dir='ltr'>noctem</span> <span class='ocrx_word' id='word_1_128' title='bbox 895 2360 1025 2425; x_wconf 92' lang='lat' dir='ltr'>silentio</span> <span class='ocrx_word' id='word_1_129' title='bbox 1049 2372 1093 2425; x_wconf 81' lang='lat' dir='ltr'>e&#39;x</span> <span class='ocrx_word' id='word_1_130' title='bbox 1117 2361 1242 2443; x_wconf 93' lang='lat' dir='ltr'>oppido</span> 
     </span>
     <span class='ocr_line' id='line_1_18' title="bbox 164 2463 1241 2548; baseline 0.002 -21"><span class='ocrx_word' id='word_1_131' title='bbox 164 2465 314 2547; x_wconf 77' lang='lat' dir='ltr'>aegressi</span> <span class='ocrx_word' id='word_1_132' title='bbox 334 2463 456 2529; x_wconf 90' lang='lat' dir='ltr'>flumen</span> <span class='ocrx_word' id='word_1_133' title='bbox 474 2465 612 2529; x_wconf 89' lang='lat' dir='ltr'>transire</span> <span class='ocrx_word' id='word_1_134' title='bbox 632 2474 824 2547; x_wconf 87' lang='lat' dir='ltr'>coeperunt.</span> <span class='ocrx_word' id='word_1_135' title='bbox 869 2463 947 2548; x_wconf 84' lang='lat' dir='ltr'>Qua</span> <span class='ocrx_word' id='word_1_136' title='bbox 963 2485 997 2528; x_wconf 89' lang='lat' dir='ltr'>re</span> <span class='ocrx_word' id='word_1_137' title='bbox 1011 2483 1071 2546; x_wconf 89' lang='lat' dir='ltr'>per</span> <span class='ocrx_word' id='word_1_138' title='bbox 1088 2464 1241 2548; x_wconf 83' lang='lat' dir='ltr'>explora·</span> 
     </span>
    </p>

    <p class='ocr_par' dir='ltr' id='par_1_12' title="bbox 193 2566 1241 2650">
     <span class='ocr_line' id='line_1_19' title="bbox 193 2566 1241 2650; baseline 0.001 -20"><span class='ocrx_word' id='word_1_139' title='bbox 193 2576 282 2632; x_wconf 89' lang='lat' dir='ltr'>tores</span> <span class='ocrx_word' id='word_1_140' title='bbox 297 2568 446 2633; x_wconf 89' lang='lat' dir='ltr'>nuntiata</span> <span class='ocrx_word' id='word_1_141' title='bbox 464 2569 586 2633; x_wconf 88' lang='lat' dir='ltr'>Caesar</span> <span class='ocrx_word' id='word_1_142' title='bbox 605 2566 763 2650; x_wconf 85' lang='lat' dir='ltr'>legiones,</span> <span class='ocrx_word' id='word_1_143' title='bbox 778 2587 862 2650; x_wconf 86' lang='lat' dir='ltr'>quas</span> <span class='ocrx_word' id='word_1_144' title='bbox 885 2567 1061 2649; x_wconf 87' lang='lat' dir='ltr'>expeditas</span> <span class='ocrx_word' id='word_1_145' title='bbox 1080 2586 1153 2631; x_wconf 88' lang='lat' dir='ltr'>esse</span> <span class='ocrx_word' id='word_1_146' title='bbox 1175 2568 1241 2631; x_wconf 90' lang='lat' dir='ltr'>ius·</span> 
     </span>
    </p>

    <p class='ocr_par' dir='ltr' id='par_1_13' title="bbox 193 2670 1243 2756">
     <span class='ocr_line' id='line_1_20' title="bbox 193 2670 1243 2756; baseline 0 -21"><span class='ocrx_word' id='word_1_147' title='bbox 193 2679 288 2746; x_wconf 89' lang='lat' dir='ltr'>serat,</span> <span class='ocrx_word' id='word_1_148' title='bbox 312 2672 417 2753; x_wconf 91' lang='lat' dir='ltr'>portis</span> <span class='ocrx_word' id='word_1_149' title='bbox 444 2670 582 2736; x_wconf 90' lang='lat' dir='ltr'>incensis</span> <span class='ocrx_word' id='word_1_150' title='bbox 611 2670 800 2735; x_wconf 91' lang='lat' dir='ltr'>intromittit</span> <span class='ocrx_word' id='word_1_151' title='bbox 830 2679 933 2754; x_wconf 89' lang='lat' dir='ltr'>atque</span> <span class='ocrx_word' id='word_1_152' title='bbox 961 2670 1085 2753; x_wconf 90' lang='lat' dir='ltr'>oppido</span> <span class='ocrx_word' id='word_1_153' title='bbox 1115 2672 1243 2756; x_wconf 88' lang='lat' dir='ltr'>potitur</span> 
     </span>
    </p>

    <p class='ocr_par' dir='ltr' id='par_1_14' title="bbox 193 2773 1241 2859">
     <span class='ocr_line' id='line_1_21' title="bbox 193 2773 1241 2859; baseline 0 -21"><span class='ocrx_word' id='word_1_154' title='bbox 193 2776 367 2859; x_wconf 85' lang='lat' dir='ltr'>perpaucis</span> <span class='ocrx_word' id='word_1_155' title='bbox 389 2795 433 2838; x_wconf 86' lang='lat' dir='ltr'>ex</span> <span class='ocrx_word' id='word_1_156' title='bbox 459 2774 605 2838; x_wconf 89' lang='lat' dir='ltr'>hostiurn</span> <span class='ocrx_word' id='word_1_157' title='bbox 632 2794 770 2838; x_wconf 90' lang='lat' dir='ltr'>numero</span> <span class='ocrx_word' id='word_1_158' title='bbox 792 2773 997 2851; x_wconf 86' lang='lat' dir='ltr'>desideratis,</span> <span class='ocrx_word' id='word_1_159' title='bbox 1019 2774 1099 2857; x_wconf 91' lang='lat' dir='ltr'>quin</span> <span class='ocrx_word' id='word_1_160' title='bbox 1130 2774 1241 2838; x_wconf 90' lang='lat' dir='ltr'>cuncti</span> 
     </span>
    </p>

    <p class='ocr_par' dir='ltr' id='par_1_15' title="bbox 164 2877 1243 3066">
     <span class='ocr_line' id='line_1_22' title="bbox 193 2877 1241 2961; baseline -0.001 -18"><span class='ocrx_word' id='word_1_161' title='bbox 193 2889 396 2961; x_wconf 83' lang='lat' dir='ltr'>caperentur,</span> <span class='ocrx_word' id='word_1_162' title='bbox 414 2880 504 2961; x_wconf 92' lang='lat' dir='ltr'>quod</span> <span class='ocrx_word' id='word_1_163' title='bbox 528 2878 639 2960; x_wconf 91' lang='lat' dir='ltr'>pontis</span> <span class='ocrx_word' id='word_1_164' title='bbox 653 2887 755 2959; x_wconf 92' lang='lat' dir='ltr'>atque</span> <span class='ocrx_word' id='word_1_165' title='bbox 770 2877 924 2942; x_wconf 90' lang='lat' dir='ltr'>itinerum</span> <span class='ocrx_word' id='word_1_166' title='bbox 940 2879 1113 2961; x_wconf 87' lang='lat' dir='ltr'>angustiae</span> <span class='ocrx_word' id='word_1_167' title='bbox 1128 2877 1241 2943; x_wconf 92' lang='lat' dir='ltr'>multl-</span> 
     </span>
     <span class='ocr_line' id='line_1_23' title="bbox 164 2978 1243 3066; baseline -0.001 -18"><span class='ocrx_word' id='word_1_168' title='bbox 164 2983 317 3062; x_wconf 84' lang='lat' dir='ltr'>9tudinis</span> <span class='ocrx_word' id='word_1_169' title='bbox 346 2982 459 3066; x_wconf 85' lang='lat' dir='ltr'>lugam</span> <span class='ocrx_word' id='word_1_170' title='bbox 490 2978 746 3046; x_wconf 78' lang='lat' dir='ltr'>intercluserant</span> <span class='ocrx_word' id='word_1_171' title='bbox 802 2979 977 3064; x_wconf 92' lang='lat' dir='ltr'>Oppidum</span> <span class='ocrx_word' id='word_1_172' title='bbox 1001 2980 1115 3066; x_wconf 92' lang='lat' dir='ltr'>diripit</span> <span class='ocrx_word' id='word_1_173' title='bbox 1141 2991 1243 3066; x_wconf 89' lang='lat' dir='ltr'>atque</span> 
     </span>
    </p>

    <p class='ocr_par' dir='ltr' id='par_1_16' title="bbox 194 3084 1243 3171">
     <span class='ocr_line' id='line_1_24' title="bbox 194 3084 1243 3171; baseline -0.002 -20"><span class='ocrx_word' id='word_1_174' title='bbox 194 3087 350 3162; x_wconf 87' lang='lat' dir='ltr'>incendit,</span> <span class='ocrx_word' id='word_1_175' title='bbox 372 3087 530 3171; x_wconf 86' lang='lat' dir='ltr'>praedam</span> <span class='ocrx_word' id='word_1_176' title='bbox 558 3084 718 3149; x_wconf 84' lang='lat' dir='ltr'>militibus</span> <span class='ocrx_word' id='word_1_177' title='bbox 744 3086 854 3163; x_wconf 89' lang='lat' dir='ltr'>donat,</span> <span class='ocrx_word' id='word_1_178' title='bbox 877 3085 1060 3151; x_wconf 87' lang='lat' dir='ltr'>exercitum</span> <span class='ocrx_word' id='word_1_179' title='bbox 1087 3085 1243 3171; x_wconf 87' lang='lat' dir='ltr'>Ligerem</span> 
     </span>
    </p>

    <p class='ocr_par' dir='ltr' id='par_1_17' title="bbox 142 3187 1383 3379">
     <span class='ocr_line' id='line_1_25' title="bbox 193 3187 978 3273; baseline -0.005 -17"><span class='ocrx_word' id='word_1_180' title='bbox 193 3190 337 3257; x_wconf 89' lang='lat' dir='ltr'>traducit</span> <span class='ocrx_word' id='word_1_181' title='bbox 351 3200 452 3273; x_wconf 89' lang='lat' dir='ltr'>atque</span> <span class='ocrx_word' id='word_1_182' title='bbox 468 3190 501 3253; x_wconf 94' lang='lat' dir='ltr'>in</span> <span class='ocrx_word' id='word_1_183' title='bbox 519 3188 704 3272; x_wconf 87' lang='lat' dir='ltr'>Biturigum</span> <span class='ocrx_word' id='word_1_184' title='bbox 720 3187 803 3253; x_wconf 87' lang='lat' dir='ltr'>fines</span> <span class='ocrx_word' id='word_1_185' title='bbox 818 3190 978 3271; x_wconf 87' lang='lat' dir='ltr'>pervenit.</span> 
     </span>
     <span class='ocr_line' id='line_1_26' title="bbox 142 3291 1383 3379; baseline -0.002 -20"><span class='ocrx_word' id='word_1_186' title='bbox 142 3304 180 3360; x_wconf 79' lang='lat'>12</span> <span class='ocrx_word' id='word_1_187' title='bbox 237 3293 505 3379; x_wconf 88' lang='lat' dir='ltr'>Vercingetorix,</span> <span class='ocrx_word' id='word_1_188' title='bbox 533 3294 590 3357; x_wconf 89' lang='lat' dir='ltr'>ubi</span> <span class='ocrx_word' id='word_1_189' title='bbox 628 3294 671 3357; x_wconf 91' lang='lat' dir='ltr'>de</span> <span class='ocrx_word' id='word_1_190' title='bbox 709 3292 860 3357; x_wconf 85' lang='lat' dir='ltr'>Caesaris</span> <span class='ocrx_word' id='word_1_191' title='bbox 895 3294 1041 3358; x_wconf 87' lang='lat' dir='ltr'>adventu</span> <span class='ocrx_word' id='word_1_192' title='bbox 1078 3291 1383 3376; x_wconf 62' lang='lat' dir='ltr'>cognovituoviodu-</span> 
     </span>
    </p>

    <p class='ocr_par' dir='ltr' id='par_1_18' title="bbox 166 3373 1392 3700">
     <span class='ocr_line' id='line_1_27' title="bbox 194 3373 1387 3490; baseline -0.004 -27"><span class='ocrx_word' id='word_1_193' title='bbox 194 3400 443 3483; x_wconf 87' lang='lat' dir='ltr'>oppugnatione</span> <span class='ocrx_word' id='word_1_194' title='bbox 458 3397 587 3462; x_wconf 90' lang='lat' dir='ltr'>destitit</span> <span class='ocrx_word' id='word_1_195' title='bbox 601 3407 702 3481; x_wconf 91' lang='lat' dir='ltr'>atque</span> <span class='ocrx_word' id='word_1_196' title='bbox 716 3396 849 3461; x_wconf 86' lang='lat' dir='ltr'>obviarn</span> <span class='ocrx_word' id='word_1_197' title='bbox 866 3393 999 3460; x_wconf 87' lang='lat' dir='ltr'>Caesari</span> <span class='ocrx_word' id='word_1_198' title='bbox 1014 3394 1240 3478; x_wconf 85' lang='lat' dir='ltr'>proficiscitur.</span> <span class='ocrx_word' id='word_1_199' title='bbox 1253 3373 1387 3490; x_wconf 37' lang='lat' dir='ltr'>iffi}</span> 
     </span>
     <span class='ocr_line' id='line_1_28' title="bbox 166 3499 1381 3586; baseline 0 -24"><span class='ocrx_word' id='word_1_200' title='bbox 166 3501 256 3565; x_wconf 76' lang='lat' dir='ltr'>allle</span> <span class='ocrx_word' id='word_1_201' title='bbox 279 3503 440 3586; x_wconf 91' lang='lat' dir='ltr'>oppidum</span> <span class='ocrx_word' id='word_1_202' title='bbox 467 3501 652 3584; x_wconf 87' lang='lat' dir='ltr'>Biturigum</span> <span class='ocrx_word' id='word_1_203' title='bbox 682 3501 828 3584; x_wconf 90' lang='lat' dir='ltr'>positum</span> <span class='ocrx_word' id='word_1_204' title='bbox 857 3499 890 3563; x_wconf 93' lang='lat' dir='ltr'>in</span> <span class='ocrx_word' id='word_1_205' title='bbox 919 3500 973 3563; x_wconf 90' lang='lat' dir='ltr'>via</span> <span class='ocrx_word' id='word_1_206' title='bbox 1003 3499 1240 3564; x_wconf 87' lang='lat' dir='ltr'>Noviodunum</span> <span class='ocrx_word' id='word_1_207' title='bbox 1253 3503 1381 3554; x_wconf 67' lang='lat' dir='ltr'>surrender</span> 
     </span>
     <span class='ocr_line' id='line_1_29' title="bbox 166 3570 1392 3700; baseline -0.002 -30"><span class='ocrx_word' id='word_1_208' title='bbox 166 3626 388 3689; x_wconf 63' lang='lat' dir='ltr'>goppugnare</span> <span class='ocrx_word' id='word_1_209' title='bbox 414 3605 609 3670; x_wconf 88' lang='lat' dir='ltr'>instituerat.</span> <span class='ocrx_word' id='word_1_210' title='bbox 654 3603 733 3688; x_wconf 84' lang='lat' dir='ltr'>Quo</span> <span class='ocrx_word' id='word_1_211' title='bbox 755 3624 800 3668; x_wconf 86' lang='lat' dir='ltr'>ex</span> <span class='ocrx_word' id='word_1_212' title='bbox 822 3602 951 3686; x_wconf 92' lang='lat' dir='ltr'>oppido</span> <span class='ocrx_word' id='word_1_213' title='bbox 973 3622 1049 3667; x_wconf 91' lang='lat' dir='ltr'>cum</span> <span class='ocrx_word' id='word_1_214' title='bbox 1072 3601 1174 3686; x_wconf 87' lang='lat' dir='ltr'>legati</span> <span class='ocrx_word' id='word_1_215' title='bbox 1197 3604 1241 3668; x_wconf 87' lang='lat' dir='ltr'>ad</span> <span class='ocrx_word' id='word_1_216' title='bbox 1253 3570 1392 3700; x_wconf 44' lang='lat' dir='ltr'>affl}</span> 
     </span>
    </p>

    <p class='ocr_par' dir='ltr' id='par_1_19' title="bbox 194 3701 1384 3790">
     <span class='ocr_line' id='line_1_30' title="bbox 194 3701 1384 3790; baseline -0.003 -17"><span class='ocrx_word' id='word_1_217' title='bbox 194 3729 270 3773; x_wconf 89' lang='lat' dir='ltr'>eum</span> <span class='ocrx_word' id='word_1_218' title='bbox 293 3709 460 3773; x_wconf 87' lang='lat' dir='ltr'>venissent</span> <span class='ocrx_word' id='word_1_219' title='bbox 479 3718 620 3783; x_wconf 89' lang='lat' dir='ltr'>oratum,</span> <span class='ocrx_word' id='word_1_220' title='bbox 635 3717 671 3772; x_wconf 93' lang='lat' dir='ltr'>ut</span> <span class='ocrx_word' id='word_1_221' title='bbox 693 3707 756 3771; x_wconf 90' lang='lat' dir='ltr'>sibi</span> <span class='ocrx_word' id='word_1_222' title='bbox 779 3706 964 3790; x_wconf 88' lang='lat' dir='ltr'>ignosceret</span> <span class='ocrx_word' id='word_1_223' title='bbox 985 3724 1131 3788; x_wconf 89' lang='lat' dir='ltr'>suaeque</span> <span class='ocrx_word' id='word_1_224' title='bbox 1152 3706 1240 3771; x_wconf 90' lang='lat' dir='ltr'>vitae</span> <span class='ocrx_word' id='word_1_225' title='bbox 1253 3701 1384 3778; x_wconf 53' lang='lat' dir='ltr'>vaninge</span> 
     </span>
    </p>
   </div>
   <div class='ocr_carea' id='block_1_3' title="bbox 194 3774 1346 3894">
    <p class='ocr_par' dir='ltr' id='par_1_20' title="bbox 194 3774 1346 3894">
     <span class='ocr_line' id='line_1_31' title="bbox 194 3774 1346 3894; baseline -0.005 -15"><span class='ocrx_word' id='word_1_226' title='bbox 194 3812 391 3891; x_wconf 88' lang='lat' dir='ltr'>consuleret,</span> <span class='ocrx_word' id='word_1_227' title='bbox 420 3820 456 3875; x_wconf 90' lang='lat' dir='ltr'>ut</span> <span class='ocrx_word' id='word_1_228' title='bbox 491 3810 658 3876; x_wconf 90' lang='lat' dir='ltr'>celeritate</span> <span class='ocrx_word' id='word_1_229' title='bbox 694 3809 835 3894; x_wconf 87' lang='lat' dir='ltr'>reliquas</span> <span class='ocrx_word' id='word_1_230' title='bbox 873 3829 924 3873; x_wconf 92' lang='lat' dir='ltr'>res</span> <span class='ocrx_word' id='word_1_231' title='bbox 960 3808 1146 3889; x_wconf 88' lang='lat' dir='ltr'>conficeret,</span> <span class='ocrx_word' id='word_1_232' title='bbox 1175 3774 1346 3894; x_wconf 53' lang='lat' dir='ltr'>qualllll„</span> 
     </span>
    </p>
   </div>
   <div class='ocr_carea' id='block_1_4' title="bbox 195 3943 1244 4210">
    <p class='ocr_par' dir='ltr' id='par_1_21' title="bbox 195 3943 1244 4078">
     <span class='ocr_line' id='line_1_32' title="bbox 230 3943 1244 4010; baseline 0 -13"><span class='ocrx_word' id='word_1_233' title='bbox 230 3954 242 4008; x_wconf 68' lang='grc' dir='ltr'>ς</span> <span class='ocrx_word' id='word_1_234' title='bbox 257 3948 280 3997; x_wconf 84' lang='grc'>6.</span> <span class='ocrx_word' id='word_1_235' title='bbox 297 3949 471 4007; x_wconf 73' lang='lat' dir='ltr'>nominabat,</span> <span class='ocrx_word' id='word_1_236' title='bbox 484 3943 631 4010; x_wconf 78' lang='lat' dir='ltr'>‘adjoined&#39;</span> <span class='ocrx_word' id='word_1_237' title='bbox 658 3944 693 3996; x_wconf 89' lang='lat' dir='ltr'>So</span> <span class='ocrx_word' id='word_1_238' title='bbox 742 3945 830 3995; x_wconf 72' lang='lat' dir='ltr'>makes</span> <span class='ocrx_word' id='word_1_239' title='bbox 847 3944 868 3995; x_wconf 94' lang='lat' dir='ltr'>it</span> <span class='ocrx_word' id='word_1_240' title='bbox 877 3943 995 3996; x_wconf 82' lang='lat' dir='ltr'>Sancerre</span> <span class='ocrx_word' id='word_1_241' title='bbox 1009 3961 1042 3996; x_wconf 93' lang='lat' dir='ltr'>on</span> <span class='ocrx_word' id='word_1_242' title='bbox 1057 3945 1100 3997; x_wconf 86' lang='lat' dir='ltr'>the</span> <span class='ocrx_word' id='word_1_243' title='bbox 1115 3945 1160 3997; x_wconf 74' lang='lat' dir='ltr'>lert</span> <span class='ocrx_word' id='word_1_244' title='bbox 1176 3945 1244 3997; x_wconf 75' lang='lat' dir='ltr'>bank</span> 
     </span>
     <span class='ocr_line' id='line_1_33' title="bbox 195 4010 1033 4078; baseline -0.002 -14"><span class='ocrx_word' id='word_1_245' title='bbox 195 4015 250 4065; x_wconf 86' lang='lat' dir='ltr'>inl.</span> <span class='ocrx_word' id='word_1_246' title='bbox 263 4016 305 4077; x_wconf 75' lang='lat'>38,</span> <span class='ocrx_word' id='word_1_247' title='bbox 317 4018 330 4073; x_wconf 67' lang='lat'>5</span> <span class='ocrx_word' id='word_1_248' title='bbox 343 4029 366 4078; x_wconf 76' lang='lat'>5.</span> <span class='ocrx_word' id='word_1_249' title='bbox 743 4010 945 4062; x_wconf 87' lang='lat' dir='ltr'>oltheLoirein</span> <span class='ocrx_word' id='word_1_250' title='bbox 958 4010 1033 4063; x_wconf 86' lang='lat' dir='ltr'>Cher.</span> 
     </span>
    </p>

    <p class='ocr_par' dir='ltr' id='par_1_22' title="bbox 195 4076 1243 4210">
     <span class='ocr_line' id='line_1_34' title="bbox 229 4076 1243 4140; baseline 0 -10"><span class='ocrx_word' id='word_1_251' title='bbox 229 4084 271 4131; x_wconf 77' lang='lat'>12.</span> <span class='ocrx_word' id='word_1_252' title='bbox 293 4085 306 4140; x_wconf 68' lang='lat' dir='ltr'>t</span> <span class='ocrx_word' id='word_1_253' title='bbox 327 4095 349 4130; x_wconf 78' lang='lat' dir='ltr'>a.</span> <span class='ocrx_word' id='word_1_254' title='bbox 374 4080 585 4128; x_wconf 72' lang='lat' dir='ltr'>Noviodunum.</span> <span class='ocrx_word' id='word_1_255' title='bbox 637 4077 692 4127; x_wconf 85' lang='lat' dir='ltr'>The</span> <span class='ocrx_word' id='word_1_256' title='bbox 777 4081 827 4139; x_wconf 59' lang='grc' dir='ltr'><strong>η</strong></span> <span class='ocrx_word' id='word_1_257' title='bbox 843 4080 995 4129; x_wconf 69' lang='lat' dir='ltr'>oebrltste.</span> <span class='ocrx_word' id='word_1_258' title='bbox 1024 4076 1176 4129; x_wconf 82' lang='lat' dir='ltr'>‘celeritate’</span> <span class='ocrx_word' id='word_1_259' title='bbox 1185 4078 1243 4130; x_wconf 85' lang='lat' dir='ltr'>here</span> 
     </span>
     <span class='ocr_line' id='line_1_35' title="bbox 195 4142 1083 4210; baseline -0.002 -14"><span class='ocrx_word' id='word_1_260' title='bbox 195 4146 299 4209; x_wconf 78' lang='lat' dir='ltr'>locality</span> <span class='ocrx_word' id='word_1_261' title='bbox 315 4145 338 4196; x_wconf 85' lang='lat' dir='ltr'>is</span> <span class='ocrx_word' id='word_1_262' title='bbox 355 4143 479 4195; x_wconf 74' lang='lat' dir='ltr'>doubtful.</span> <span class='ocrx_word' id='word_1_263' title='bbox 507 4142 641 4210; x_wconf 80' lang='lat' dir='ltr'>Napoleon</span> <span class='ocrx_word' id='word_1_264' title='bbox 652 4143 693 4194; x_wconf 93' lang='lat'>111</span> <span class='ocrx_word' id='word_1_265' title='bbox 743 4142 1083 4196; x_wconf 76' lang='lat' dir='ltr'>stmdslor‘esoelerltste.‘</span> 
     </span>
    </p>
   </div>
   <div class='ocr_carea' id='block_1_5' title="bbox 237 4227 723 4292">
    <p class='ocr_par' dir='ltr' id='par_1_23' title="bbox 237 4227 723 4292">
     <span class='ocr_line' id='line_1_36' title="bbox 237 4227 723 4292; baseline 0.002 -24"><span class='ocrx_word' id='word_1_266' title='bbox 237 4227 283 4270; x_wconf 63' lang='grc' dir='ltr'>Η·</span> <span class='ocrx_word' id='word_1_267' title='bbox 704 4239 723 4292; x_wconf 81' lang='lat' dir='ltr'>s</span> 
     </span>
    </p>
   </div>
   <div class='ocr_carea' id='block_1_6' title="bbox 0 0 1628 5134">
    <p class='ocr_par' dir='ltr' id='par_1_24' title="bbox 0 0 1628 5134">
     <span class='ocr_line' id='line_1_37' title="bbox 0 0 1628 5134; baseline 0 0"><span class='ocrx_word' id='word_1_268' title='bbox 0 0 1628 5134; x_wconf 95' lang='lat' dir='ltr'> </span> 
     </span>
    </p>
   </div>
  </div>
 </body>
</html>
