3234 5134
175 631 222 684 er.
235 628 264 694 ι]
405 629 459 682 oa
480 629 604 685 sneeo
628 632 797 686 onemo.
849 630 921 686 ern
950 635 1004 685 vn
1167 624 1228 704 2⁸7

178 792 343 858 mentaria
367 794 540 862 Romanos
568 795 747 862 excludere
775 805 834 861 aut
863 797 1028 864 adductos
1058 796 1170 882 inopia
1195 797 1230 862 in

132 926 164 963 ιο
178 896 381 977 provinciam
397 900 564 984 expellere
582 911 729 983 possent.
775 899 887 984 Quam
907 903 950 967 ad
970 921 1066 986 spem
1087 902 1229 967 multum

177 1018 235 1064 eos
251 1001 438 1081 adiuvabat,
450 1005 541 1087 quod
553 1004 656 1087 Liger
670 1025 714 1069 ex
730 1004 860 1069 nivibus
874 1016 1030 1084 creverat,
1042 1016 1078 1072 ut
1094 1006 1230 1072 omnino

177 1103 266 1168 vado
280 1124 347 1171 non
362 1126 461 1190 posse
474 1108 606 1172 transiri
620 1107 796 1172 videretur.

114 1228 159 1285 ω
222 1207 354 1292 Quibus
369 1212 467 1277 rebus
481 1211 625 1295 cognitis
636 1211 760 1277 Caesar
771 1214 1004 1277 maturandum
1017 1214 1081 1278 sibi
1092 1214 1230 1296 censuit,
1242 1226 1334 1277 erem

178 1313 206 1378 si
224 1326 312 1381 esset
332 1316 366 1381 in
386 1316 596 1400 perficiendis
615 1314 773 1399 pontibus
793 1315 1058 1400 periclitandum,
1073 1326 1111 1382 ut
1131 1317 1230 1404 prius,
1242 1290 1337 1409 {Q
1347 1356 1390 1408 ,he

150 1438 281 1501 aquam
297 1431 408 1486 essent
423 1422 563 1487 maiores
577 1440 618 1486 eo
632 1430 769 1486 coactae
783 1421 910 1503 copiae,
926 1420 1107 1487 dimicaret
1139 1422 1229 1503 Nam
1243 1423 1325 1490 Μεθ’·

179 1531 217 1587 ut
232 1534 439 1591 commutato
454 1523 593 1590 oonsilio
613 1525 676 1590 iter
690 1525 723 1589 in
744 1523 948 1607 provinciam
964 1533 1180 1604 converteret,
1195 1534 1232 1590 ut

180 1647 223 1690 ne
237 1638 329 1694 metu
344 1629 480 1712 quidem
502 1626 688 1695 necessario
706 1627 894 1692 faciundum
915 1625 1141 1705 existimabat,
1155 1647 1233 1694 cum

179 1731 313 1797 infamia
328 1741 429 1816 atque
445 1732 627 1816 indignitas
647 1732 693 1795 rei
714 1738 749 1795 et
769 1732 942 1815 oppositus
963 1750 1058 1795 mons
1075 1729 1233 1795 Cevenna

178 1835 371 1920 viarumque
401 1835 574 1903 difficultas
607 1835 820 1919 impediebat,
849 1844 921 1900 turn
952 1834 1111 1913 maxime,
1141 1837 1232 1918 quod

180 1940 338 2005 abiuncto
353 1940 505 2006 Labieno
519 1950 621 2024 atque
636 1940 675 2003 iis
689 1939 885 2023 legionibus,
900 1959 983 2022 quas
1004 1959 1072 2004 una
1089 1939 1234 2015 miserat,

151 2044 395 2115 avehementer
414 2043 563 2110 timebat.
610 2044 729 2127 Itaque
749 2044 932 2108 admodum
956 2043 1087 2125 magnis
1110 2042 1234 2106 diurnis

182 2149 417 2232 nocturnisque
435 2148 603 2212 itineribus
623 2146 781 2212 consectis
801 2156 917 2212 contra
934 2147 1083 2212 omnium
1105 2146 1233 2228 opinio-

149 2273 257 2329 4nem
278 2252 321 2316 ad
342 2252 498 2335 Ligerem
513 2253 603 2317 venit
615 2252 770 2334 vadoque
790 2271 850 2333 per
868 2251 996 2334 equites
1015 2251 1152 2315 invento
1172 2270 1233 2333 pro

182 2358 227 2421 rei
243 2357 439 2421 necessitate
459 2366 658 2441 opportuno,
674 2365 711 2419 ut
732 2354 866 2420 brachia
887 2355 989 2419 modo
1007 2365 1109 2437 atque
1129 2355 1232 2417 umeri

182 2460 226 2524 ad
252 2460 444 2525 sustinenda
472 2479 565 2525 arma
595 2459 691 2524 liberi
721 2459 765 2522 ab
794 2476 881 2540 aqua
896 2477 971 2521 esse
995 2466 1139 2541 possent,
1165 2456 1232 2522 dis-

182 2564 293 2646 posito
308 2564 465 2648 equitatu,
480 2563 538 2646 qui
552 2564 620 2627 vim
635 2562 779 2627 fluminis
800 2562 998 2645 refringeret,
1013 2570 1115 2644 atque
1129 2560 1233 2625 hosti·

153 2670 246 2744 5bus
274 2668 384 2751 primo
416 2677 552 2751 aspectu
584 2664 785 2750 perturbatis
820 2664 1019 2730 incolumem
1050 2664 1232 2730 exercitum

182 2772 334 2838 traduxit
367 2773 633 2854 frumentumque
668 2770 703 2834 in
739 2769 828 2853 agris
864 2777 899 2832 et
936 2768 1065 2853 pecoris
1100 2768 1231 2854 copiam

182 2885 299 2941 nactus
322 2874 449 2959 repleto
471 2875 523 2939 his
541 2874 639 2940 rebus
660 2874 808 2939 exercitu
829 2873 893 2937 iter
912 2873 947 2937 in
963 2871 1111 2939 Senones
1125 2873 1233 2938 iacere

184 2980 336 3045 instituit.

121 3107 163 3164 ω
230 3084 320 3148 Dum
352 3082 435 3147 haec
468 3083 559 3168 apud
590 3081 767 3148 Caesarem
796 3090 964 3164 geruntur,
992 3079 1162 3146 labienus
1191 3091 1369 3145 eohbtenm

184 3188 427 3274 supplemento,
442 3186 535 3270 quod
555 3206 661 3271 nuper
675 3205 720 3251 ex
741 3186 840 3250 Italia
853 3193 997 3263 venerat,
1013 3184 1126 3250 relicto
1140 3183 1232 3268 Age·
1244 3157 1367 3274 ffiff‘

216 3354 262 3401 ὅθ.
279 3353 293 3408 l
313 3363 335 3399 a.
355 3354 390 3399 nt
405 3362 442 3398 ns
461 3354 540 3398 metu
557 3350 683 3407 qnidam,
770 3351 817 3411 §4
829 3347 896 3405 qul.
907 3381 930 3396 ..
941 3347 1118 3405 redimeret.
1143 3343 1237 3395 Caesar

183 3420 231 3467 ho.
263 3414 413 3465 'l'hereadin
442 3412 684 3464 inthetextisthat
734 3410 981 3477 recordshisemplo
1022 3416 1065 3461 ent
1075 3411 1105 3461 oi
1113 3409 1156 3460 the
1166 3423 1236 3459 same

184 3481 213 3532 ol
225 3479 356 3545 nearlyall
371 3479 413 3529 the
455 3478 499 3530 SS.
531 3480 640 3529 ‘Foras
655 3486 684 3528 to
734 3492 878 3528 manoeurre
912 3477 939 3526 in
987 3476 1046 3541 pain
1077 3475 1121 3537 (C.
1148 3473 1165 3524 i.
1193 3472 1234 3538 ⁶4,

184 3546 224 3597 his
233 3547 296 3597 chan
315 3545 321 3557 '
368 3545 408 3595 his
418 3544 492 3610 pians
502 3544 552 3594 and
563 3544 685 3609 directing
737 3548 767 3603 §5
785 3542 855 3607 4-6),
871 3541 921 3592 and
937 3540 1056 3605 vegetius
1072 3540 1120 3604 (111.
1138 3540 1164 3605 7)
1182 3538 1208 3589 la

184 3613 225 3662 bis
235 3561 381 3662 maffia
389 3610 432 3661 the
440 3610 685 3671 Ptovinoe,acourse
735 3609 756 3658 it
772 3608 847 3658 donn
863 3623 893 3658 as
909 3624 925 3657 a
941 3606 1056 3671 standing
1075 3604 1129 3655 rule
1149 3555 1237 3655 ouh:

185 3677 265 3727 which
277 3677 309 3726 he
320 3676 364 3725 did
375 3674 592 3740 notthinkought
601 3689 685 3725 neces·
735 3681 774 3724 art
796 3674 826 3723 ol
845 3688 898 3723 var
917 3672 972 3722 that
993 3669 1066 3722 when
1087 3678 1174 3736 troops
1195 3685 1237 3721 are

185 3739 685 3807 sarilytobetakeneveninienr,he
736 3738 849 3803 erossing
872 3753 889 3788 a
913 3738 976 3788 river
997 3737 1026 3787 oi
1047 3752 1098 3801 any
1118 3735 1195 3801 depth
1219 3750 1236 3786 a

185 3824 238 3859 vas
248 3806 381 3874 presented
392 3807 456 3856 irom
467 3805 539 3867 that,‘
550 3808 595 3856 &e
629 3804 686 3855 The
736 3804 786 3854 line
803 3803 832 3853 ol
846 3803 945 3867 cavalry
960 3801 1052 3853 should
1066 3802 1098 3852 be
1113 3800 1237 3853 stationed

186 3873 686 3925 construction⁴ut...converteret...
737 3870 817 3919 above
838 3875 867 3919 to
888 3869 963 3919 break
984 3868 1027 3919 the
1048 3866 1116 3918 soree
1141 3868 1171 3917 of
1192 3866 1236 3918 the

186 3935 352 4005 impediebat’
363 3935 427 3987 finds
440 3951 457 3986 a
472 3935 577 4003 parallel
593 3936 619 3986 in
631 3934 686 3986 Cio.
737 3941 844 3993 current,
856 3934 906 3984 and
916 3933 1020 3985 another
1029 3932 1111 3984 below
1122 3939 1149 3984 to
1160 3933 1237 3984 inter·

186 4006 261 4056 Rosc
280 4004 340 4054 Am.
364 4007 378 4064 ς
401 4015 444 4066 151
467 4002 518 4052 ‘Di
537 4001 687 4068 prohibeant
738 4008 795 4065 cept
817 4015 867 4065 any
888 4000 993 4051 soldiers
1013 3999 1071 4049 who
1095 4013 1153 4064 may
1173 3998 1237 4050 have

186 4069 288 4123 ...nt’
737 4063 1238 4131 bemmmedontheulegsbythe

219 4139 357 4188 abiuncto
366 4136 503 4196 lehuno,
514 4131 605 4184 dative.
737 4139 837 4183 stream
