3234 5134
418 622 480 685 304
767 612 795 664 c
821 612 917 664 rum
939 610 1126 664 caessaris
1357 612 1467 678 [rans

420 777 506 843 bella
521 785 700 861 gesserunt.
746 774 847 859 Quod
862 777 890 841 si
906 796 954 853 ea,
968 796 1055 860 quae
1072 776 1106 840 in
1124 774 1317 860 longinquis
1326 771 1465 838 nationi·
1477 778 1498 827 1⁶

419 884 482 948 bus
493 890 659 964 geruntur,
669 880 838 962 ignoratis,
853 880 1004 963 respicite
1023 879 1197 944 finitimam
1214 878 1376 951 Galliam,
1388 895 1467 959 quae

420 984 452 1046 in
468 984 669 1066 provinciam
688 984 822 1049 redacta
837 985 907 1048 iure
921 996 956 1050 et
972 983 1100 1068 legibus
1114 985 1331 1048 commutatis
1353 979 1467 1045 securi·

421 1088 483 1152 bus
498 1088 647 1152 subiecta
661 1097 823 1172 perpetua
838 1089 996 1173 premitur
1010 1087 1187 1154 servitute?

254 1198 314 1248 Fue
326 1196 356 1247 ot
363 1196 407 1275 {pe
465 1189 647 1256 Sententiis
665 1192 762 1258 dictis
777 1194 993 1272 constituunt,
1008 1203 1045 1256 ut
1062 1192 1113 1268 ‘ii,
1132 1191 1187 1275 qui
1202 1190 1400 1255 valetudine
1417 1196 1468 1251 aut
1482 1185 1510 1240 ⁷⁸

254 1264 391 1312 mm
421 1303 531 1359 aetate
547 1294 678 1360 inutiles
698 1307 774 1361 suut
790 1296 887 1375 bello,
902 1297 1029 1380 oppido
1048 1297 1223 1367 excedant,
1237 1305 1345 1379 atque
1362 1290 1468 1357 omnia

421 1399 509 1480 prius
534 1401 757 1482 experiantur,
779 1419 881 1484 quarn
907 1401 950 1464 ad
976 1399 1163 1481 Critognati
1187 1399 1393 1464 sententiam
1418 1395 1468 1458 de

420 1503 597 1579 scendant;
630 1502 687 1569 illo
713 1515 826 1568 tamen
854 1503 966 1587 potius
996 1505 1156 1569 utendum
1186 1504 1338 1578 consilio,
1365 1501 1394 1565 si
1422 1512 1486 1560 res¹

420 1614 517 1690 cogat
539 1615 640 1690 atque
661 1607 786 1672 auxilia
809 1618 987 1685 morentur,
1008 1628 1109 1690 quarn
1132 1616 1188 1671 aut
1211 1606 1396 1671 deditionis
1416 1610 1467 1665 aut

422 1710 514 1796 pacis
537 1711 742 1775 subeundam
761 1708 1009 1776 condicionem!
1054 1711 1237 1785 Mandubii,
1252 1711 1311 1793 qui
1333 1730 1395 1774 eos
1413 1723 1487 1788 ops

421 1817 500 1898 pido
538 1826 739 1900 receperant,
774 1836 849 1879 curn
890 1816 1001 1881 liberis
1038 1826 1138 1899 atque
1175 1814 1340 1879 uxoribus
1381 1811 1467 1877 exire

420 1930 590 2005 coguntur.
637 1919 693 1996 Hi,
716 1940 791 1985 curn
814 1921 857 1985 ad
885 1920 1082 1985 munitiones
1104 1920 1336 1984 Romanorum
1362 1924 1485 1982 acces-⁴

420 2023 548 2100 sissent,
563 2021 680 2087 flentes
700 2024 854 2088 omnibus
873 2025 1028 2108 precibus
1048 2023 1197 2099 orabant,
1212 2035 1249 2087 ut
1267 2043 1305 2086 se
1321 2023 1356 2085 in
1373 2015 1465 2083 servi-

421 2136 528 2192 tutem
551 2138 700 2209 receptos
722 2128 797 2192 cibo
821 2128 979 2192 iuvarent.
1023 2127 1074 2191 At
1096 2126 1219 2192 Caesar
1243 2124 1417 2209 dispositis
1435 2121 1484 2182 iu⁵

422 2231 510 2295 vallo
524 2231 717 2296 custodibus
733 2230 831 2315 recipi
848 2231 1056 2314 prohibebat.

254 2340 394 2417 Arrivtlof
468 2335 598 2400 Interea
614 2333 784 2400 Commius
799 2335 979 2418 reliquique
994 2336 1105 2414 duces,
1119 2335 1240 2420 quibus
1259 2354 1394 2399 summa
1411 2330 1500 2393 ini-'lt
1543 2344 1544 2361 ²

255 2408 392 2523 ΨΜ]
424 2439 504 2522 perii
534 2439 693 2522 permissa
722 2448 802 2515 erat,
827 2458 904 2502 cum
934 2440 1089 2503 omnibus
1118 2440 1220 2523 copiis
1248 2441 1291 2505 ad
1319 2435 1461 2502 Alesiam

424 2544 618 2627 perveniunt
633 2555 668 2607 et
682 2543 765 2608 colle
780 2545 944 2609 exteriore
961 2554 1125 2627 occupato
1140 2563 1207 2607 non
1228 2542 1363 2625 longius
1383 2534 1463 2603 mille

423 2648 572 2731 passibus
586 2649 630 2713 ab
645 2648 764 2712 nostris
780 2648 1018 2714 munitionibus
1033 2647 1219 2713 considunt.
1264 2648 1402 2711 Postero
1417 2641 1481 2705 dies
1543 2646 1544 2663 ¹

423 2753 572 2834 equitatu
588 2773 632 2816 ex
646 2752 763 2817 castris
781 2752 903 2816 educto
923 2772 1056 2817 ornnem
1078 2772 1151 2816 earn
1173 2750 1357 2835 planiciem,
1371 2761 1462 2833 quam

424 2856 457 2918 in
471 2854 713 2940 longitudinem
730 2857 794 2921 tria
813 2856 901 2920 milia
921 2875 1076 2939 passuum
1098 2865 1211 2940 patere
1231 2847 1462 2921 demonstravi·

425 2979 508 3037 mus,
529 2958 696 3042 complent
718 2959 952 3043 pedestresque
974 2961 1085 3045 copias
1107 2959 1242 3045 paulum
1264 2960 1308 3023 ab
1332 2981 1374 3025 eo
1398 2957 1462 3021 loco
1543 2996 1544 3047 s

423 3063 554 3129 abditas
571 3063 602 3127 in
619 3062 701 3127 locis
716 3064 938 3146 superioribus
952 3065 1165 3129 constituunt
1193 3064 1275 3128 Erat
1287 3084 1333 3127 ex
1346 3057 1480 3147 oppidos
1543 3050 1544 3123 l

424 3167 540 3233 Alesia
565 3167 741 3250 despectus
767 3168 799 3231 in
821 3187 984 3251 campum.
1031 3166 1239 3232 Concurrunt
1265 3167 1316 3232 his
1340 3159 1463 3232 auxiliis
1543 3210 1544 3279 l

423 3273 523 3351 visis3
551 3271 590 3337 fit
615 3271 793 3353 gratulatio
816 3271 902 3336 inter
922 3292 988 3350 eos,
1010 3280 1111 3355 atque
1132 3270 1281 3336 omnium
1304 3269 1405 3335 animi
1424 3261 1460 3328 ad
1543 3288 1544 3315 1

425 3376 584 3440 laetitiam
601 3375 797 3439 excitantur.
844 3375 963 3459 Itaque
978 3376 1145 3459 productis
1161 3376 1265 3459 copiis
1280 3386 1360 3439 ante
1375 3366 1482 3453 oppi·⁴
1543 3408 1544 3447 s

424 3480 506 3544 dum
528 3478 704 3544 considunt
730 3486 764 3542 et
789 3479 978 3561 proximam
1002 3478 1125 3543 fossam
1149 3479 1294 3545 cratibus
1319 3476 1461 3559 integunt
1543 3468 1544 3541 l

424 3594 524 3667 atque
541 3602 661 3665 aggere
677 3580 814 3665 explent
828 3601 930 3664 seque
945 3581 987 3645 ad
1006 3583 1213 3667 eruptionem
1233 3593 1335 3665 atque
1355 3592 1461 3646 ornnes

424 3706 520 3751 casus
534 3695 738 3769 comparant.
1543 3702 1544 3729 ¹

471 3789 592 3855 Caesar
602 3790 690 3853 omni
705 3790 853 3855 exercitu
869 3791 913 3855 ad
924 3801 1099 3873 utramque
1109 3800 1238 3875 partem
1250 3791 1458 3855 munitionum
1471 3775 1503 3834 90
1543 3792 1544 3877 ]

458 3982 564 4038 7841.
582 3983 655 4038 qui.
672 4016 702 4031 ..
719 3985 794 4031 sunt.
829 3979 925 4030 Krsner
975 3976 1459 4043 ‘hamturadoetemquseleviarmt
1543 3988 1544 4039 l

425 4044 483 4094 bere
494 4043 699 4095 resds‘rint'on
711 4046 753 4097 the
763 4046 889 4108 authority
899 4046 929 4096 oi
975 4061 1061 4122 parem
1087 4045 1197 4093 animum
1224 4042 1325 4109 geram:
1352 4042 1402 4093 and
1425 4048 1460 4087 we
1543 4056 1544 4071 ³

425 4109 538 4161 wells·
572 4110 922 4177 &termina-ssu
975 4107 1393 4177 1.40,;5‘cum...saesarm:

1543 4764 1544 4807 l

1543 4828 1544 4867 l
