3234 5134
205 634 246 682 1⁶.
261 629 288 696 1]
439 630 493 681 DE
515 630 638 682 BELLO
664 630 833 683 GALLICO.
885 630 956 683 ΜΒ.
985 632 1025 682 VI
1196 638 1255 699 217

204 791 335 858 duabus
365 794 409 856 de
438 794 546 858 causis
575 793 758 859 instituisse
786 793 948 870 videntur,
970 793 1060 874 quod
1091 812 1199 875 neque
1222 792 1256 855 in

206 896 343 980 vulgum
365 897 571 981 disciplinam
592 895 700 961 efferri
715 897 818 962 velint
839 917 946 980 neque
960 918 1028 974 eos,
1042 897 1100 979 qui
1116 898 1255 975 discunt,

206 1000 322 1065 litteris
351 999 493 1066 confisos
526 1002 634 1066 minus
663 1001 844 1065 memoriae
873 1002 1028 1080 studere;
1066 1002 1157 1083 quod
1188 999 1256 1065 sere

205 1104 370 1189 plerisque
392 1105 522 1182 accidit,
545 1115 582 1170 ut
604 1105 769 1188 praesidio
789 1104 970 1170 litterarum
994 1105 1199 1188 diligentiam
1222 1104 1255 1168 in

176 1210 423 1293 ,perdiscendo
457 1215 497 1272 ac
532 1208 726 1273 memoriam
760 1208 942 1272 remittant.
991 1208 1159 1291 Imprimis
1191 1209 1256 1273 hoc

204 1312 322 1377 volunt
352 1314 560 1395 persuadere,
590 1333 657 1376 non
687 1313 820 1377 interire
848 1312 985 1392 animas,
1016 1314 1074 1377 sed
1105 1312 1150 1376 ab
1182 1313 1256 1378 aliis

204 1425 283 1501 post
309 1426 449 1481 mortem
476 1416 616 1481 transire
639 1417 683 1481 ad
705 1414 797 1490 alios,
821 1425 923 1499 atque
949 1416 1013 1480 hoc
1038 1418 1187 1501 maxime
1211 1419 1254 1481 ad

174 1520 363 1585 ovirtutem
384 1521 531 1584 excitari·
547 1530 665 1603 putant
687 1531 778 1585 metu
802 1520 919 1584 mortis
942 1520 1101 1603 neglecto.
1148 1520 1256 1585 Multa

207 1633 377 1708 praeterea
396 1623 439 1687 de
457 1624 617 1689 sideribus
639 1632 741 1706 atque
760 1642 875 1688 eorum
897 1633 1000 1704 motu,
1015 1624 1058 1688 de
1080 1624 1194 1688 mundi
1218 1645 1257 1689 ac

206 1739 367 1793 terrarum
401 1728 637 1811 magnitudine,
667 1729 710 1791 de
745 1746 854 1791 rerum
888 1735 1014 1806 natura,
1044 1729 1089 1791 de
1118 1730 1256 1793 deorum

206 1831 444 1897 immortalium
465 1831 498 1896 vi
513 1852 552 1897 ac
569 1840 737 1915 potestate
757 1831 931 1913 disputant
951 1840 985 1895 et
1006 1832 1167 1895 iuventuti
1188 1840 1256 1895 tra·

207 1935 300 2000 dunt.

154 2048 194 2103 lt
250 2039 405 2104 Alterum
422 2060 526 2123 genus
540 2050 592 2105 est
606 2041 766 2123 equitum.
814 2038 871 2117 Hi,
886 2059 961 2104 cum
983 2051 1035 2105 est
1055 2060 1133 2104 usus
1153 2048 1254 2122 atque
1268 2039 1373 2120 (silbe

208 2144 341 2228 aliquod
353 2143 478 2208 bellum
495 2145 609 2208 incidit
618 2142 722 2229 (quod
738 2141 806 2209 t'ere
820 2154 898 2209 ante
911 2142 1061 2208 Caesaris
1074 2145 1254 2208 adventum
1267 2107 1383 2171 knights.

205 2248 382 2330 quotannis
396 2248 544 2313 accidere
561 2248 699 2328 solebat,
714 2250 762 2312 uti
783 2257 843 2312 aut
863 2249 926 2332 ipsi
946 2248 1079 2311 iniurias
1101 2245 1256 2313 inferrent

240 2424 253 2479 5
276 2434 300 2482 4.
328 2423 360 2468 in
381 2422 508 2479 vulgum.
552 2418 615 2468 This
642 2418 706 2468 form
756 2418 873 2469 videlicet
884 2427 913 2469 ut
923 2420 1003 2469 forent
1013 2417 1046 2468 ad
1057 2418 1125 2468 bella
1134 2417 1257 2479 meliores,

205 2479 293 2534 occurs
313 2484 368 2534 also
385 2484 411 2534 lu
428 2484 489 2535 Sall.
505 2485 564 2549 Jug.
581 2483 653 2550 69,§
677 2499 705 2543 23
755 2492 867 2534 aeternas
881 2499 934 2535 esse
948 2485 1045 2534 animas
1055 2486 1182 2549 vitamque
1195 2483 1256 2535 alte·

207 2562 248 2613 73,
267 2555 280 2610 ς
299 2565 329 2613 5:
350 2552 424 2616 Verg.
441 2553 505 2601 Aen.
523 2553 549 2600 ii.
566 2565 614 2615 99:
633 2550 705 2613 Livy,
755 2565 809 2600 ram
820 2549 852 2599 ad
864 2550 965 2600 manes!

206 2616 239 2664 vi.
252 2621 319 2678 μή
332 2630 363 2680 53
379 2617 444 2665 xxiv.
457 2616 623 2679 32,§1,and
634 2616 706 2666 other
790 2613 945 2675 §diffultis
955 2618 1164 2675 praeterendo.
1185 2614 1257 2664 With

206 2681 314 2742 authors,
344 2682 387 2730 but
416 2681 509 2745 always
533 2682 558 2730 in
585 2680 629 2732 the
653 2696 704 2731 acc
756 2680 806 2730 this
823 2696 928 2746 passage
947 2696 986 2746 cp.
1004 2681 1058 2731 Cic.
1075 2680 1134 2729 Dis.
1150 2680 1167 2729 i.
1184 2682 1197 2738 ἱ
1214 2693 1255 2745 90,

207 2746 275 2795 That
294 2748 315 2796 it
333 2747 354 2796 is
372 2763 447 2797 masc.
468 2748 517 2796 aud
534 2755 579 2797 not
598 2754 664 2797 neut.
684 2748 706 2795 is
757 2747 837 2797 where
856 2747 963 2811 Quintus
981 2746 1070 2796 Cicero
1092 2746 1114 2795 is
1135 2746 1209 2795 made
1229 2754 1257 2795 to

207 2813 300 2877 proved
323 2812 356 2877 by
377 2828 393 2861 a
416 2827 520 2877 passage
542 2811 605 2862 horn
624 2811 706 2861 Varro
756 2828 800 2876 say
811 2821 838 2862 to
853 2812 893 2861 his
903 2811 1004 2863 brother
1015 2815 1108 2875 ‘eaque
1125 2811 1255 2862 divinatio·

206 2877 334 2942 preserved
350 2878 491 2941 byNonius
502 2877 636 2928 Marcellus
651 2877 706 2943 (pp.
756 2893 816 2927 num
839 2879 903 2927 ratio
924 2893 956 2928 ne
977 2878 1003 2925 in
1026 2878 1138 2927 barbaris
1173 2876 1256 2926 uidem

208 2957 317 3006 ago-231
334 2944 392 3006 M.),
404 2946 492 3009 ‘quem
503 2943 524 2992 sl
535 2943 625 3009 vulgus
639 2959 706 2993 secu·
755 2942 871 3008 gentibus
886 2943 1001 3006 neglecta
1016 2951 1063 3004 est,
1075 2944 1096 2992 si
1113 2892 1215 3008 quidem
1232 2951 1257 2992 et

206 3008 335 3059 tusesset.’
757 3010 782 3058 in
807 3008 894 3060 Gallia
912 3007 1025 3059 Druidae
1046 3020 1111 3068 sunt,
1130 3025 1144 3057 e
1167 3008 1257 3073 quibus

239 3078 298 3126 tere
314 3078 467 3134 plerisque.
501 3076 526 3124 A
543 3074 621 3139 slight
637 3074 706 3140 pleo-
757 3074 1257 3139 DivitiacumHaedoumhospitemtuum

206 3156 285 3191 uasm.
319 3141 366 3207 Cp.
378 3142 431 3191 Cic.
446 3141 513 3191 Lael.
527 3145 540 3200 ξ
555 3155 567 3189 a
580 3142 637 3206 ‘qui
652 3148 707 3191 turn
756 3139 960 3206 laudatoremque
971 3140 1087 3204 cognovi,
1097 3140 1173 3204 quiet
1184 3147 1257 3188 natu·

207 3206 256 3256 iere
266 3206 352 3256 multis
361 3208 450 3257 eratin
464 3204 522 3256 ore!
756 3222 797 3256 rae
829 3207 957 3262 rationem,
987 3221 1062 3271 quum
1095 3202 1257 3266 φυσιολογίαν

241 3277 254 3332 5
287 3285 310 3335 5.
346 3287 405 3322 uon
438 3276 557 3322 interire
589 3274 706 3322 aalma.
757 3273 846 3322 Graeci
868 3271 1004 3337 appellant,
1024 3278 1110 3320 notum
1132 3284 1185 3319 esse
1207 3268 1256 3318 sibi

207 3336 305 3395 Strabo,
329 3339 361 3388 iv.
383 3353 409 3422 ἑ,
432 3342 445 3397 ς
469 3352 485 3401 4
506 3334 656 3401 'Aoddprovr
679 3335 706 3386 di
756 3336 953 3403 profitebaturet
968 3336 1058 3401 partim
1071 3336 1187 3399 auguriis,
1200 3349 1256 3399 par·

206 3400 707 3531 hht‘wtldttdtltdi
755 3399 1256 3531 lt..⁰.⁰t³‘t¹zlt·<t¹32}a·t}3.l..‘tt

207 3532 247 3582 nui
261 3534 309 3596 sip
323 3533 363 3582 rol
377 3532 453 3594 ὕδωρε
471 3549 512 3585 see
527 3534 583 3585 also
599 3533 641 3585 the
658 3533 706 3585 flue
755 3546 783 3584 to
791 3533 835 3585 the
842 3549 911 3583 same
918 3532 1129 3582 effect-‘habent
1138 3541 1221 3580 tamen
1229 3537 1255 3581 et

328 3601 354 3649 in
370 3600 455 3650 Lucan
473 3600 501 3661 (i.
514 3599 623 3664 450-62)
639 3615 706 3665 upon
756 3599 899 3650 facundiam
913 3613 983 3648 suam
994 3597 1176 3662 magistrosque
1189 3595 1255 3661 sapi·

207 3664 251 3715 the
300 3665 367 3714 ruids
388 3665 437 3714 sud
460 3665 526 3716 their
546 3665 658 3715 doctrine
680 3665 710 3714 oi
755 3666 837 3716 entiae
848 3664 954 3714 druidas
988 3663 1107 3713 biterrae
1121 3663 1256 3727 mundique

206 3729 376 3795 immortality.
427 3733 451 3780 Α
570 3730 707 3796 <Schweig·
756 3746 798 3779 ma
833 3729 952 3780 itudinem
979 3738 1004 3778 et
1032 3728 1148 3785 tonnam,
1172 3735 1256 3777 motus

206 3795 304 3852 balistr.
315 3796 365 3845 vol.
377 3798 394 3846 i.
405 3812 429 3861 p.
442 3806 473 3860 75
497 3797 613 3847 transfers
623 3805 651 3847 to
664 3797 707 3847 the
756 3811 800 3846 cae
836 3811 866 3845 ac
881 3795 1033 3855 siderum,et
1050 3793 1110 3859 quid
1126 3793 1162 3843 dii
1179 3793 1256 3843 velint

207 3862 330 3911 Germana
345 3862 413 3912 what
432 3863 525 3912 Caesar
543 3878 600 3928 says
619 3862 649 3911 oi
665 3862 706 3913 the
755 3862 819 3912 scire
830 3859 983 3926 profitentur.
1016 3859 1107 3909 docent
1121 3858 1254 3908 multsuo·

207 3927 295 3986 Gauls,
309 3926 348 3976 coi
362 3924 467 3977 θανάτου
480 3926 661 3991 καταφρονηταὶ
676 3926 707 3977 δι’
755 3926 890 3977 bilissimas
898 3925 980 3990 gentis
990 3925 1056 3976 clam
1068 3932 1092 3975 et
1104 3925 1155 3981 diu,
1163 3923 1256 3975 vicenis

206 3992 291 4042 lurido
302 3991 461 4048 ἀναβιώσιοκ.
496 3994 565 4044 Mela
577 3994 649 4056 (iiii
665 3994 706 4059 19)
756 3992 836 4054 aunis,
855 4001 898 4041 aut
916 3991 941 4040 iu
959 4006 1035 4057 specu
1058 3992 1144 4040 autin
1163 3989 1257 4039 abditis

206 4075 263 4123 says
281 4060 310 4109 ol
329 4059 374 4109 the
394 4059 489 4109 Druids
507 4064 599 4109 ‘unum
617 4076 648 4108 ex
665 4058 706 4108 his
755 4055 876 4108 saltibus?

206 4140 270 4190 quae
285 4125 441 4192 praecipiunt
456 4126 481 4175 ln
496 4125 586 4191 vulgus
602 4123 704 4188 effluxit,
