3234 5134
404 622 468 687 286
752 632 781 686 c
807 633 905 687 ιυιη
927 633 1117 688 russatus
1355 636 1455 704 [sss-

405 796 470 862 bus
484 798 536 863 his
549 796 693 862 breviter
706 816 765 861 sua
782 796 817 862 in
833 796 974 863 Aeduos
988 797 1108 863 merita
1122 795 1289 882 exposuit,
1303 798 1408 881 ‘quos
1419 806 1481 864 ets

404 920 506 985 quam
522 900 665 965 humiles
684 900 874 986 accepisset,
888 902 1078 987 compulsos
1096 902 1129 966 in
1145 902 1281 987 oppida,
1295 899 1454 967 multatos

405 1005 502 1088 agris,
517 1004 671 1069 omnibus
694 1005 816 1089 ereptis
834 1004 948 1090 copiis,
966 1006 1125 1088 imposito
1140 1004 1317 1088 stipendio,
1332 1004 1454 1070 obsidi-

404 1106 696 1174 bussummacum
707 1108 910 1176 contumelia
921 1109 1073 1189 extortis,
1084 1119 1117 1174 et
1128 1129 1231 1192 quam
1243 1109 1277 1173 in
1287 1108 1454 1173 fortunam

402 1231 570 1297 quamque
591 1213 626 1277 in
647 1213 897 1299 amplitudinem
920 1214 1125 1293 deduxisset,
1145 1224 1183 1280 ut
1204 1233 1272 1278 non
1293 1212 1403 1278 solum
1420 1214 1453 1277 in
1571 1252 1572 1261 κ

402 1316 580 1401 pristinum
595 1327 719 1383 statum
732 1318 901 1397 redissent,
911 1319 970 1384 scd
986 1320 1135 1383 omnium
1146 1327 1335 1402 temporum
1346 1317 1452 1400 digui-

404 1429 509 1485 tatcm
536 1430 571 1487 et
599 1421 741 1507 gratiam
772 1423 989 1488 antecessisse
1013 1419 1221 1488 viderentur!
1275 1420 1343 1486 His
1365 1422 1453 1487 datis
1571 1442 1572 1467 ¹

404 1525 702 1591 mandatiseosab
718 1546 754 1590 se
768 1526 906 1592 dimisit
1571 1564 1572 1609 ἢ

234 1639 290 1690 The
300 1639 379 1717 μυί
448 1628 684 1695 Noviodunum
698 1641 769 1696 erat
783 1630 946 1713 oppidum
958 1628 1156 1694 Aeduorum
1166 1630 1212 1695 ad
1227 1628 1315 1714 ripas
1326 1629 1453 1714 Ligeris
1465 1636 1506 1689 tc
1571 1668 1572 1721 q

235 1706 391 1839 iffi&
402 1742 591 1817 opportuno
618 1731 693 1798 loco
723 1734 878 1819 positum.
925 1733 1003 1800 Huc
1030 1732 1153 1798 Caesar
1177 1752 1295 1798 omnes
1319 1733 1477 1799 obsidem

402 1835 540 1914 Galliae,
562 1838 775 1914 frumentum,
798 1837 970 1923 pecuniam
993 1837 1170 1920 publicam,
1191 1858 1328 1903 suorum
1351 1849 1451 1922 atque

399 1942 566 2007 exercitus
587 1942 900 2025 impedimentorum
919 1960 1077 2027 magnam
1097 1951 1226 2024 partem
1247 1942 1452 2016 contuleram

399 2045 465 2112 huc
491 2065 650 2129 magnum
676 2065 849 2111 numerum
875 2065 1037 2128 equorum
1066 2046 1164 2110 huius
1189 2044 1269 2110 belli
1294 2066 1395 2111 causa
1418 2048 1476 2114 ins

402 2148 501 2215 Italia
515 2159 616 2232 atque
630 2150 795 2233 Hispania
808 2157 976 2215 codmtum
992 2150 1136 2214 miserat
1167 2149 1221 2214 Eo
1232 2170 1309 2213 cum
1323 2150 1475 2233 Epore-⁴

400 2253 501 2317 dorix
529 2253 824 2337 Viridomarusque
851 2253 1020 2321 venissent
1048 2264 1085 2320 et
1112 2254 1156 2318 de
1186 2262 1276 2318 statu
1309 2254 1448 2320 civitatis

400 2357 642 2439 cognovissent,
656 2357 864 2424 Litaviccum
885 2357 1030 2424 Bibracti
1052 2359 1096 2423 ab
1116 2357 1248 2424 Aeduis
1267 2368 1445 2442 receptum,

399 2461 490 2543 quod
506 2471 558 2526 est
572 2461 733 2545 oppidum
751 2464 842 2544 apud
862 2482 921 2527 cos
939 2462 1108 2527 maximae
1127 2462 1345 2539 auctoritatis,
1361 2460 1445 2527 Con·

398 2563 613 2630 victolitavim
645 2565 877 2649 magistratum
908 2585 1131 2650 magnamque
1158 2575 1288 2650 partem
1314 2576 1445 2631 senatis

398 2670 533 2734 adeum
554 2669 755 2751 convenisse,
770 2668 899 2753 legatos
916 2670 959 2734 ad
974 2668 1281 2753 Vercingetorigem
1301 2671 1346 2735 de
1366 2689 1444 2755 paor

398 2781 433 2837 et
454 2773 598 2838 amicitia
620 2773 826 2839 concilianda
847 2773 979 2859 publice
1001 2773 1129 2853 missos,
1149 2793 1217 2839 non
1239 2774 1444 2857 praetermit-

397 2876 534 2940 tendum
571 2886 703 2942 tantum
739 2878 954 2942 commodum
991 2877 1272 2943 existimaverunt.
1329 2877 1469 2960 Itaqucs

398 2979 574 3045 interiectis
600 2981 791 3047 Novioduni
820 2981 1012 3048 custodibus
1038 2981 1162 3066 quique
1187 3002 1229 3047 eo
1254 2982 1444 3066 negotiandi

397 3105 497 3150 causa
518 3095 750 3168 convenerant,
767 3085 941 3169 pecuniam
963 3095 1064 3169 atque
1085 3105 1189 3169 equos
1210 3085 1296 3151 inter
1316 3106 1354 3150 se
1373 3106 1444 3170 par-

396 3188 450 3253 titi
478 3197 575 3268 sunt;
608 3190 741 3255 obsides
771 3189 941 3254 civitatum
966 3188 1120 3255 Bibracte
1144 3191 1190 3255 ad
1215 3190 1470 3274 magistrammt

397 3293 611 3358 deducendos
625 3301 842 3371 curaverunt3
864 3291 1035 3377 oppidum,
1051 3293 1141 3376 quod
1162 3313 1184 3358 a
1203 3313 1240 3358 se
1259 3295 1364 3359 teneri
1379 3314 1469 3367 nour

396 3416 495 3480 posse
519 3395 719 3475 iudicabant,
740 3415 784 3461 ne
811 3396 865 3460 cui
887 3405 975 3462 esset
1000 3397 1074 3461 usui
1098 3396 1268 3470 Romanis,
1291 3397 1443 3463 incende·

396 3509 491 3578 runt3
511 3498 666 3565 frumenti
680 3501 771 3585 quod
785 3500 899 3567 subito
913 3509 1093 3585 potuerunt
1104 3501 1244 3568 navibus
1253 3512 1470 3579 avexeruntt

396 3602 558 3686 reliquum
580 3602 717 3669 flumine
737 3613 841 3687 atque
865 3603 1017 3671 incendio
1039 3613 1264 3690 corruperunt
1310 3605 1380 3689 ipsi
1401 3627 1470 3680 exo

395 3705 542 3773 finitimis
556 3707 744 3790 regionibus
758 3708 871 3790 copias
885 3727 1013 3791 cogere,
1028 3707 1194 3793 praesidia
1210 3709 1444 3794 custodiasque

395 3809 439 3873 ad
462 3811 550 3895 ripas
573 3810 701 3894 Ligeris
722 3811 899 3896 disponere
922 3814 1172 3897 equitatumque
1191 3813 1344 3878 omnibus
1365 3814 1443 3879 locis

395 3912 548 3980 iniciendi
562 3915 692 3980 timoris
706 3935 806 3981 causa
825 3925 993 3983 ostentare
1011 3924 1201 4001 coeperunt,
1215 3916 1244 3982 si
1262 3918 1307 3984 ab
1328 3939 1364 3983 re
1379 3918 1441 3984 iru-

476 4131 520 4178 65.
535 4130 548 4187 ς
564 4141 585 4179 ι.
602 4131 816 4182 Noviodunum.
845 4129 1345 4198 Nmuuedepsnmtofflibre
