3234 5134
391 628 453 691 260
736 635 765 688 c
790 635 889 689 ιυιιι
912 633 1102 688 cassans
1344 632 1451 699 [ms-

393 822 497 887 prope
522 796 695 882 explorata
717 798 854 864 victoria
877 797 1026 864 celeriter
1054 796 1176 861 amissa
1205 797 1449 880 reciperaturos

224 918 269 965 uu
282 912 369 963 Ami·
394 901 614 971 confidebant
658 901 872 967 Deliberatur
890 902 934 966 de
955 900 1131 966 Avarico'
1121 920 1155 965 m
1177 900 1348 966 communi
1369 914 1477 967 con-s

223 980 320 1110 iffi
394 1006 477 1083 cilio,
493 1005 621 1071 incendi
637 1005 784 1088 placeret
799 1025 843 1069 au
861 1003 1005 1070 delendi.
1050 1003 1277 1068 Procumbunt
1293 1000 1478 1071 ommbuss

396 1108 500 1175 Gallis
515 1109 559 1175 ad
574 1111 677 1192 pedes
689 1108 885 1192 Bituriges,‘
895 1128 938 1175 ne
952 1107 1207 1190 pulcherrimam
1222 1126 1330 1191 prope
1343 1104 1452 1169 totius

395 1212 523 1279 Galliae
545 1214 670 1289 urbem
684 1233 771 1296 quae
792 1212 960 1298 praesidio
982 1221 1016 1276 et
1038 1222 1234 1276 ornamento
1252 1210 1295 1273 sit
1312 1208 1453 1279 civitati,

394 1317 463 1382 suis
500 1316 654 1382 manibus
692 1316 892 1382 succendere
927 1326 1142 1401 cogerentur:
1179 1313 1273 1381 facile
1308 1334 1347 1377 se
1383 1311 1479 1377 locis

394 1432 510 1486 natura
521 1417 732 1486 defensuros'
744 1421 871 1500 dicunt,
881 1419 989 1502 ‘quod
1001 1438 1107 1502 prope
1120 1438 1166 1483 ex
1180 1417 1335 1483 omnibus
1346 1416 1452 1501 parti·

396 1524 459 1589 bus
487 1523 624 1589 flumine
653 1533 688 1589 et
717 1523 840 1607 palude
875 1522 1079 1589 circumdata
1114 1542 1218 1586 unum
1253 1520 1379 1586 habeat
1415 1528 1453 1583 et

395 1638 632 1712 perangustum
658 1624 805 1692 aditum’
853 1628 961 1692 Datur
985 1625 1178 1710 petentibus
1199 1625 1296 1689 venia
1321 1625 1481 1689 dissue-⁶

395 1733 497 1797 dente
512 1732 621 1815 primo
634 1730 919 1816 Vercingetorige,
934 1740 1012 1814 post
1030 1730 1234 1794 concedente
1247 1728 1455 1812 etprecrbus

395 1835 542 1919 ipsorum
558 1843 593 1898 et
608 1834 830 1899 misericordia
844 1834 947 1918 vulgi.
982 1832 1181 1897 Defensores
1196 1832 1322 1915 oppido
1337 1830 1453 1896 idonei

397 1938 594 2021 deliguntur.

270 2125 275 2135 μ
441 2040 694 2125 Vercingetorix
718 2041 899 2107 minoribus
927 2038 1104 2105 Caesarem
1135 2039 1305 2105 itineribus
1334 2036 1501 2104 subse-lu

398 2144 510 2229 quitur
524 2153 558 2209 et
572 2143 681 2208 locum
703 2145 820 2209 castris
840 2144 955 2229 deligit
971 2144 1147 2228 paludibus
1170 2144 1326 2226 silvisque
1342 2141 1452 2205 muni·

398 2258 470 2313 tum
500 2249 544 2313 ab
574 2247 719 2313 Avarico
750 2248 848 2331 longe
878 2247 968 2312 milia
997 2269 1153 2331 passuum
1184 2261 1260 2311 xvl.
1307 2246 1360 2313 lbi
1390 2267 1481 2331 pers

399 2362 508 2418 certos
536 2349 764 2436 exploratores
794 2353 828 2416 in
858 2351 988 2437 singula
1016 2352 1083 2417 diei
1106 2363 1268 2435 tempora,
1292 2371 1379 2434 quae
1406 2351 1451 2414 ad

400 2454 578 2520 Avaricum
604 2465 787 2538 agerentur,
811 2455 1033 2539 cognoscebat
1058 2465 1103 2534 et,
1128 2456 1210 2540 quid
1242 2454 1310 2521 fieri
1342 2454 1452 2530 vellet,

398 2558 593 2642 imperabat
646 2557 774 2625 Omnes
800 2570 930 2625 nostras
959 2558 1192 2644 pabulationes
1220 2558 1482 2634 frumentatio-3

399 2682 523 2746 nesque
541 2662 738 2727 observabat
761 2664 1002 2747 dispersosque,
1016 2684 1093 2728 cum
1114 2662 1246 2745 longius
1267 2663 1453 2727 necessario

400 2766 627 2849 procederent,
635 2766 846 2832 adoriebatur
857 2787 1045 2851 magnoque
1053 2766 1265 2831 incommodo
1275 2765 1453 2841 afficiebat,

401 2869 473 2947 etsi,
488 2878 648 2950 quantum
661 2870 789 2934 ratione
804 2871 969 2953 provideri
990 2880 1129 2954 poterat,
1143 2870 1187 2935 ab
1202 2870 1323 2935 nostris
1338 2890 1452 2934 occur-

402 2972 544 3046 rebatur,
574 2981 612 3035 ut
646 2971 779 3036 incertis
808 2974 1013 3057 temporibus
1048 2973 1251 3056 diversisque
1279 2973 1455 3038 itineribus

401 3074 512 3140 iretur.

233 3198 327 3249 emer
336 3195 391 3261 hyr
447 3177 570 3245 Castris
594 3179 638 3243 ad
665 3197 740 3241 eam
766 3188 895 3263 partem
925 3179 1038 3263 oppidi
1065 3180 1182 3264 positis
1206 3178 1339 3257 Caesar,
1366 3200 1455 3262 quae
1467 3185 1504 3241 1'1

403 3283 589 3348 intermissa
614 3302 635 3346 a
660 3279 794 3345 flumine
824 3292 858 3346 et
883 3302 904 3346 a
929 3281 1104 3364 paludibus
1129 3284 1267 3362 aditum,
1287 3293 1325 3348 ut
1352 3303 1456 3367 supra

404 3388 561 3464 diximus,
583 3394 761 3469 angustum
783 3385 938 3463 habebat,
961 3406 1118 3470 aggerem
1146 3406 1318 3471 apparare,
1339 3388 1455 3453 vineas

435 3600 553 3661 1514.
578 3599 711 3646 omnibus
739 3599 832 3647 (tellis
866 3600 904 3648 ud
954 3596 1113 3662 entiqurries.
1152 3596 1360 3663 Somevestlges
1386 3599 1455 3649 otu

403 3665 498 3720 pedes.
533 3662 903 3726 cp.t31,sa‘crerariau
953 3677 1028 3727 oemp
1029 3663 1458 3729 ,supposedhovrerertobeoi

953 3679 1028 3777 luterp
1027 3727 1093 3791 date,
1107 3744 1170 3779 were
1187 3729 1299 3794 umuslly
1308 3728 1455 3781 discovered

437 3797 478 3845 17
498 3796 552 3852 δι
570 3796 686 3843 Outris
733 3791 789 3842 The
829 3808 903 3856 oemp
953 3792 1268 3860 iusdilierentlocslity,
1278 3746 1453 3861 pertlyubout

404 3855 486 3906 which
505 3858 527 3907 is
546 3873 575 3908 ιο
594 3874 654 3908 cons
672 3858 784 3922 icnourly
801 3858 904 3909 marked
956 3857 1026 3920 1868,
1039 3859 1122 3924 partly
1131 3860 1157 3909 lu
1170 3860 1242 3924 1884.

404 3922 501 3970 onNs
502 3920 613 3987 poleon'u
639 3875 904 3988 pisnoldvsrieum
987 3896 1148 3975 uilumlne.
1189 3876 1412 3985 Soeiilff‘adts
1422 3926 1455 3976 ab

407 3986 487 4063 (plrte
496 3990 669 4053 ao)1supure
679 3988 750 4040 edon
760 3989 790 4039 ol
799 3990 903 4054 rmegiu
953 3986 1056 4041 labore!
1089 3990 1191 4106 lupo,
1162 3995 1274 4052 ,ltere
1289 3991 1372 4042 buve‘
1380 3992 1455 4043 iuter·

404 4052 646 4113 stion,as1wrs
675 4054 834 4118 ssruredby
862 4054 904 4104 the
953 4054 1191 4108 minemoolliuu!

405 4070 908 4185 κωὲιηοιιιιιωιιωοιιγοι
