3234 5134
243 620 290 668 44.
305 616 331 683 8]
492 616 545 668 DE
568 616 692 668 BELLO
718 616 885 669 GALLICO.
937 617 1007 670 ΗΒ.
1032 619 1050 669 Ι
1255 628 1294 690 53

244 798 338 840 omrn
369 777 507 842 domum
542 778 710 843 remittere
744 788 865 863 posset,
895 786 931 843 at
962 799 1004 843 ne
1033 798 1119 862 quos
1153 780 1293 864 amplius

245 881 401 945 Rhenum
424 881 563 947 transire
586 882 771 967 pateretur?

180 996 226 1049 44
287 984 478 1051 Ariovistus
500 987 543 1049 ad
567 985 736 1071 postulata
755 986 906 1051 Caesaris
927 1006 1034 1071 pauca
1055 990 1235 1072 respondit,
1250 993 1292 1054 de

215 1088 311 1153 asuis
339 1091 517 1154 virtutibus
546 1089 650 1154 multa
680 1091 902 1175 praedicavit:
936 1092 1108 1156 ‘transisse
1136 1092 1291 1157 Rhenum

243 1212 314 1257 sese
329 1214 395 1258 non
411 1214 473 1259 sua
487 1202 616 1277 sponte,
628 1196 687 1259 sed
706 1205 861 1278 rogatum
876 1203 910 1259 et
925 1195 1118 1260 arcessitum
1133 1216 1153 1259 a
1167 1195 1271 1262 Gallis
1284 1224 1290 1273 ;

241 1316 306 1360 non
322 1298 393 1362 sine
411 1317 533 1381 magna
548 1318 608 1381 spe
626 1299 820 1382 magnisque
839 1298 993 1385 praemiis
1008 1299 1145 1364 domum
1161 1303 1290 1384 propin·

241 1420 390 1486 quosque
423 1402 614 1484 reliquisse3
651 1403 745 1467 sedes
778 1393 900 1467 habere
930 1403 964 1466 in
995 1402 1106 1472 Gallia
1134 1405 1178 1468 ab
1211 1405 1291 1490 ipsis

240 1524 421 1584 concessas,
442 1507 574 1573 obsides
596 1507 741 1592 ipsorum
761 1505 932 1570 voluntate
952 1506 1068 1583 datos;
1090 1508 1289 1591 stipendium

240 1630 356 1692 capere
378 1611 449 1675 iure
470 1610 559 1686 belli,
574 1611 666 1693 quod
685 1610 826 1675 victores
845 1610 941 1675 victis
964 1611 1133 1694 imponere
1154 1632 1291 1677 consue·

211 1714 314 1797 3rint.
358 1714 438 1778 Non
455 1734 528 1779 sese
544 1713 659 1794 Gallis,
674 1716 732 1778 sed
751 1712 866 1778 Gallos
885 1713 950 1778 sibi
970 1713 1095 1778 bellum
1117 1716 1287 1793 intulisse;

239 1838 355 1882 omnes
373 1817 502 1883 Galliae
524 1818 675 1882 civitates
694 1818 738 1883 ad
758 1838 794 1881 se
815 1819 1077 1901 oppugnandum
1097 1819 1225 1884 venisse
1248 1842 1286 1884 ac

239 1932 353 1986 contra
376 1942 413 1986 se
435 1932 542 1989 castra
564 1921 737 1996 habuisse;
766 1940 823 1985 eas
845 1941 962 1987 omnes
986 1922 1099 2006 copias
1120 1943 1141 1986 a
1162 1943 1198 1987 se
1220 1943 1286 1988 uno

209 2026 365 2114 ⁴proelio
395 2025 507 2109 pulsas
537 2046 576 2089 ac
603 2036 774 2108 superatas
800 2045 882 2089 esse.
929 2023 965 2090 Si
992 2026 1111 2090 iterum
1141 2027 1284 2111 experiri

238 2127 349 2207 velint,
373 2151 410 2193 se
435 2131 554 2194 iterum
582 2139 734 2213 paratum
761 2149 832 2193 esse
858 2129 1045 2205 decertare;
1077 2130 1105 2193 si
1130 2149 1212 2214 pace
1238 2132 1285 2196 uti

236 2233 349 2309 velint,
375 2234 526 2316 iniquum
557 2254 630 2299 esse
656 2234 699 2297 de
728 2233 894 2317 stipendio
919 2254 1077 2308 recusare,
1104 2235 1194 2317 quod
1225 2255 1286 2299 sua

209 2338 407 2419 5voluntate
421 2338 465 2402 ad
481 2338 516 2402 id
536 2347 668 2420 tempus
688 2337 915 2421 pependerint.
960 2336 1154 2401 Amicitiam
1170 2339 1285 2421 populi

237 2442 381 2506 Romani
407 2443 469 2508 sibi
496 2451 690 2506 ornamento
721 2453 755 2506 et
784 2440 959 2523 praesidio,
986 2461 1052 2505 non
1082 2441 1284 2507 detrimento

236 2565 309 2610 esse
322 2556 483 2628 oportere,
498 2546 599 2628 idque
614 2566 651 2610 se
671 2566 711 2609 ea
731 2564 790 2627 spe
809 2546 942 2627 petisse.
987 2543 1024 2609 Si
1045 2565 1104 2629 per
1123 2545 1284 2630 populum

236 2649 428 2714 Romanurn
463 2648 668 2734 stipendium
699 2650 886 2713 remittatur
915 2657 949 2713 et
978 2648 1123 2714 dediticii
1153 2650 1284 2714 subtra-

235 2753 366 2832 hantur,
396 2774 462 2817 non
495 2755 604 2818 minus
635 2752 777 2817 libenter
808 2772 881 2815 sese
910 2764 1136 2816 recusaturum
1167 2755 1283 2838 populi

206 2880 222 2930 ⁶
236 2858 380 2923 Romani
392 2859 584 2933 amicitiam,
593 2877 694 2939 quam
706 2856 892 2941 appetierit.
923 2856 1025 2940 Quod
1038 2856 1281 2923 multitudinem

235 2961 476 3028 Germanorum
499 2964 532 3025 in
556 2961 699 3027 Galliam
723 2961 887 3039 traducat,
907 2961 941 3025 id
966 2981 1001 3025 se
1025 2963 1076 3026 sui
1101 2962 1282 3039 muniendi,

233 3087 299 3132 non
323 3066 452 3132 Galliae
474 3066 721 3150 impugnandae
747 3085 847 3130 causa
873 3064 998 3131 facere:
1025 3068 1095 3131 eius
1117 3067 1164 3131 rei
1187 3071 1281 3133 testi·

234 3172 383 3236 monium
410 3191 491 3246 esse,
513 3172 604 3253 quod
632 3171 694 3233 nisi
720 3179 857 3252 rogatus
882 3190 948 3234 non
974 3170 1101 3235 venerit
1128 3180 1162 3235 et
1189 3172 1279 3252 quod

205 3273 358 3351 ybellum
374 3295 439 3339 non
455 3273 611 3349 intulerit,
623 3276 682 3338 sed
698 3273 891 3338 detenderit.
929 3272 975 3339 Se
990 3275 1080 3356 prius
1092 3275 1125 3338 in
1135 3272 1278 3338 Galliam

231 3379 360 3443 venisse
374 3399 475 3463 quam
491 3377 651 3463 populum
668 3378 867 3467 Romanurn.
913 3377 1108 3459 Numquam
1124 3377 1279 3442 antehoc

231 3492 366 3565 tempus
396 3484 579 3548 exercitum
609 3481 724 3567 populi
753 3482 900 3546 Romani
931 3480 1059 3546 Galliae
1092 3481 1281 3563 provinciae

203 3585 351 3653 sfinibus
371 3607 548 3672 egressum.
594 3585 685 3669 Quid
704 3584 767 3649 sibi
788 3585 897 3663 vellet,
912 3604 970 3648 cur
992 3584 1026 3648 in
1047 3603 1124 3648 suas
1147 3604 1279 3666 posses-

229 3690 339 3756 siones
363 3693 514 3757 veniret?
559 3690 766 3755 Provinciam
791 3707 888 3753 suam
919 3687 1003 3751 hanc
1028 3708 1101 3752 esse
1126 3686 1279 3764 Galliam,

260 3918 482 3977 ulamma.
515 3914 553 3965 Pl.
565 3914 613 3980 Cp.
625 3919 689 3977 43&
705 3927 727 3965 r.
809 3916 940 3965 uuum.
966 3947 974 3962 .
999 3918 1190 3967 ‚defenderit
1230 3919 1281 3968 For

261 3984 275 4041 ξ
299 3980 323 4030 6.
351 3984 481 4031 Gallium
521 3980 660 4045 Excluding
686 3979 729 4030 the
778 3980 889 4029 ‘bellum
914 3978 1149 4032 deiendere'=‘act
1173 3998 1208 4032 ou
1235 3983 1278 4034 the

227 4046 657 4174 mutatuissaastheeontextshows.
680 4047 728 4112 Cp.
778 4043 920 4176 ficariae}
940 4062 981 4114 cp.
1002 4047 1028 4097 ii.
1049 4061 1088 4114 29,
1107 4053 1119 4109 ᾖ
1138 4063 1169 4113 5:
1186 4051 1219 4100 vi.
1239 4065 1276 4112 23,
