3234 5134
210 618 236 669 b,
250 617 276 684 ι]
439 619 493 672 DE
514 621 638 674 BELLO
663 622 830 677 GALLJco.
882 625 952 677 LIB.
978 627 1025 679 ΙΙΙ
1196 637 1252 681 101

180 783 388 851 asententias
425 784 598 866 exquirere
633 785 751 871 coepit
811 784 889 870 Quo
926 788 960 853 in
997 789 1142 868 consilio,
1179 809 1255 857 cum

207 895 340 953 tantum
365 888 527 971 repentini
550 889 685 973 periculi
708 900 839 975 praeter
860 892 1051 976 opinionem
1072 894 1256 973 accidisset,

208 1012 247 1057 ac
262 992 328 1057 iam
344 992 458 1057 omnia
473 992 539 1057 fere
554 993 722 1076 superiora
737 992 812 1059 loca
827 994 1037 1061 multitudine
1052 1007 1254 1065 armatorum

209 1095 378 1181 completa
406 1097 682 1187 conspicerentur,
704 1117 814 1180 neque
841 1100 988 1165 subsidio
1017 1102 1121 1167 veniri
1147 1122 1255 1186 neque

208 1211 413 1266 commeatus
452 1201 640 1285 supportari
676 1200 860 1267 interclusis
904 1204 1073 1271 itineribus
1109 1217 1255 1289 possent,

180 1324 196 1374 3
209 1326 313 1390 prope
329 1306 395 1369 iam
411 1306 587 1387 desperata
599 1304 706 1371 salute
722 1306 901 1371 nonnullae
915 1307 1106 1374 huiusmodi
1121 1320 1253 1376 senten·

208 1408 275 1476 tiae
286 1410 491 1484 dicebantur,
508 1418 546 1473 ut
561 1408 812 1491 impedimentis
832 1410 956 1475 relictis
976 1414 1151 1497 eruptione
1166 1412 1254 1479 facta

209 1514 327 1578 iisdem
351 1512 530 1592 itineribus,
560 1513 681 1594 quibus
709 1534 750 1579 eo
778 1515 1014 1598 pervenissent,
1039 1517 1083 1581 ad
1112 1517 1253 1584 salutem

177 1628 195 1676 4
208 1618 452 1684 contenderent.
498 1616 620 1681 Maiori
635 1624 747 1681 tamen
764 1618 851 1700 parti
866 1616 1000 1702 placuit,
1009 1619 1074 1684 hoc
1090 1630 1255 1688 reservato

207 1723 251 1787 ad
273 1733 461 1788 extremum
484 1721 622 1786 consilio
646 1721 778 1786 interim
801 1722 850 1786 rei
875 1733 1031 1789 eventum
1053 1707 1198 1807 experiri
1220 1734 1256 1791 et

207 1835 315 1892 castra
336 1825 523 1893 defendere.
1045 1890 1050 1902 ,

171 1939 195 1993 4
250 1930 347 1995 Brevi
369 1931 479 2014 spatio
498 1929 680 2008 interiecto,
696 1929 755 1994 vix
775 1939 812 1994 ut
832 1929 872 1993 iis
895 1932 1004 2010 rebus,
1022 1951 1105 2015 quas
1127 1933 1252 1998 consti·
1264 1947 1349 2000 sterce

206 2036 356 2113 tuissent,
371 2034 574 2100 collocandis
596 2042 698 2116 atque
713 2011 989 2100 administrandis
1009 2045 1141 2120 tempus
1156 2037 1251 2102 dare·
1262 2014 1396 2146 ἓξὲξ

205 2151 268 2219 tur,
290 2141 403 2206 hostes
425 2159 470 2203 ex
492 2137 647 2203 omnibus
668 2139 819 2221 partibus
845 2138 942 2222 signo
964 2140 1045 2205 dato
1071 2142 1252 2222 decurrere,

178 2244 334 2328 ²lapides
362 2263 530 2329 gaesaque
560 2242 593 2306 in
623 2242 750 2307 vallum
784 2242 943 2308 conicere.
1000 2244 1116 2310 Nostri
1145 2246 1253 2328 primo

206 2349 344 2433 integris
369 2348 495 2413 viribus
520 2347 650 2411 fortiter
671 2366 855 2431 repugnare
877 2367 986 2430 neque
1008 2348 1111 2414 ullum
1135 2349 1254 2416 frustra

204 2452 309 2519 telum
331 2474 377 2518 ex
399 2452 472 2518 loco
494 2451 663 2536 superiore
685 2451 826 2528 mittere,
849 2461 885 2517 ut
908 2471 1060 2535 quaeque
1083 2474 1159 2537 pars
1180 2474 1254 2519 cas·

205 2569 331 2623 trorum
356 2558 480 2621 nudata
499 2556 727 2621 defensoribus
749 2555 856 2638 premi
878 2556 1062 2631 videbatur,
1078 2577 1120 2621 eo
1141 2578 1254 2623 occur-

177 2676 192 2726 3
206 2682 277 2727 rere
288 2672 322 2727 et
333 2660 496 2726 auxilium
508 2660 605 2736 ferre;
621 2660 681 2724 sed
693 2659 757 2724 hoc
768 2660 927 2741 superari,
935 2661 1024 2743 quod
1037 2660 1254 2727 diuturnitate

205 2784 339 2851 pugnae
359 2765 473 2830 hostes
498 2763 617 2829 defessi
642 2763 768 2847 proelio
794 2763 1011 2843 excedebant,
1033 2764 1090 2827 alii
1116 2765 1253 2849 integris

204 2871 329 2935 viribus
353 2868 592 2942 succedebant3
620 2885 761 2949 quarum
788 2887 897 2932 rerum
923 2889 944 2933 a
969 2869 1091 2934 nostris
1115 2879 1253 2954 propter

202 2975 406 3060 paucitatem
428 2971 499 3038 fieri
521 2970 605 3036 nihil
626 2978 820 3054 poteratne
842 2991 908 3036 non
933 2973 1033 3036 modo
1054 2973 1183 3039 defesso
1206 2994 1252 3038 ex

202 3100 315 3165 pugna
345 3075 541 3155 excedendi,
573 3075 633 3140 sed
670 3094 713 3138 ne
748 3074 862 3140 saucio
895 3075 1031 3158 quidem
1070 3076 1141 3141 eius
1178 3078 1253 3156 loci,

203 3185 261 3250 ubi
292 3183 497 3260 constiterat,
523 3179 731 3262 relinquendi
763 3199 802 3245 ac
832 3180 883 3244 sui
913 3180 1091 3262 recipiendi
1115 3181 1254 3246 facultas

202 3288 354 3354 dabatur.

170 3399 190 3452 5
249 3393 335 3460 Cum
358 3393 424 3459 iam
446 3389 591 3476 amplius
612 3388 703 3454 horis
724 3408 785 3453 sex
808 3389 1018 3454 continenter
1039 3396 1250 3473 pugnaretur,
1261 3400 1405 3519 {plcoeffi

1406 3486 1420 3519 e

1262 3482 1380 3584 Roriam

235 3610 262 3655 4.
281 3607 295 3664 ς
316 3618 337 3653 1.
359 3613 506 3661 mnus.
538 3598 564 3648 A
582 3594 702 3664 specially
752 3600 816 3645 ‘non
827 3593 981 3646 modononss

204 3670 298 3736 Alpine
319 3682 432 3733 wenpon.
464 3665 540 3730 Verg.
563 3664 627 3714 Aen.
649 3662 701 3712 viii.
784 3665 842 3720 Μ
864 3673 885 3708 1.
905 3675 970 3737 enm
989 3695 996 3710 .
1014 3696 1022 3710 .
1042 3666 1249 3738 ,pugnarem

239 3752 286 3787 1-
751 3726 840 3777 ‘when
862 3724 967 3839 ῆῗιῑιης
987 3741 1040 3775 was
1066 3742 1143 3792 gorng
1163 3725 1246 3776 on’·

270 3801 335 3851 ‘dno
352 3799 456 3865 quisque
467 3794 561 3862 Alpina
573 3798 703 3845 coruscant
751 3792 839 3910 ‘Cn-hen
852 3789 958 3915 figtmg
973 3791 1023 3841 had
1033 3791 1096 3918 begu
1111 3794 1189 3908 golpdg
1200 3793 1250 3908 οἶ]

325 3861 416 3916 mann!
794 3870 861 3916 .r,
915 3870 1048 3921 5zv.3,
1122 3859 1250 3920 :·.0,

203 3935 227 3985 Α
255 3930 399 3991 ωαειιυὶ.
415 3927 492 3994 2731,
509 3925 599 3991 speaks
616 3924 645 3976 of
660 3923 703 3975 the
753 3873 809 3984 §gr
828 3872 879 3973 v⁵iii
898 3926 966 3986 29,§
987 3873 1115 3999 17⁵‘Crm51
1129 3924 1250 3990 aliquam·

202 4000 315 4051 Romans
333 3996 426 4060 haring
447 3994 526 4044 learnt
547 3991 590 4042 the
611 4006 654 4042 use
675 3990 706 4040 of
752 3989 795 4039 diu
806 4003 903 4039 summa
916 3994 1073 4039 contenuoue
1085 3990 1250 4055 dimicaretur,

203 4057 637 4131 thegaesnmfromtheSpeuinrds
751 4053 1171 4120 Dumnacusinsrmuaeiemssue.

238 4128 496 4195 ⁵3·²²⁰nm⁰d⁰·
529 4123 556 4174 ἥ·
582 4125 701 4188 ῙῚιΗ
