3234 5134
329 595 389 677 138
681 604 709 656 C.
735 604 832 656 IULII
853 604 1041 658 CAESARIS
1278 604 1333 671 [10.
1344 601 1379 654 6-

327 767 489 836 auxilium
505 786 666 852 spemque
679 766 797 850 reliqui
813 766 976 851 temporis
990 767 1072 833 satis
1087 766 1245 833 futurum.
1289 766 1409 835 Tan-t

328 883 401 938 tum
437 891 509 935 esse
554 891 676 936 nomen
718 883 821 955 atque
863 872 1053 956 opinionem
1098 872 1170 936 eius
1213 872 1378 936 exercitus

328 975 500 1041 Ariovisto
526 975 622 1058 pulso
648 987 682 1041 et
708 976 772 1042 hoc
799 975 981 1042 novissimo
1011 977 1138 1060 proelio
1163 974 1252 1041 sacto
1278 975 1378 1039 etiam

328 1080 371 1144 ad
409 1079 543 1144 ultimas
581 1078 823 1146 Germanorum
862 1079 1021 1158 nationes,
1059 1080 1107 1144 uti
1144 1078 1302 1163 opinione
1344 1088 1378 1142 et

327 1181 476 1248 amicitia
511 1183 626 1267 populi
660 1184 807 1249 Romani
844 1184 909 1248 tuti
943 1203 1015 1249 esse
1051 1182 1200 1267 possint’
1233 1182 1409 1247 Naviums

329 1307 486 1371 magnam
505 1289 637 1370 copiam
658 1290 702 1353 ad
722 1289 1017 1370 transportandum
1038 1289 1223 1353 exercitum
1243 1286 1380 1371 pollice·

329 1391 460 1455 bantur.

161 1504 315 1569 Tnebridge.
376 1493 499 1559 Caesar
527 1495 579 1560 his
607 1497 650 1561 de
677 1497 794 1574 causis,
819 1516 903 1578 quas
928 1495 1196 1572 commemoravi,
1222 1495 1378 1560 Rhenum
1391 1504 1430 1559 17

329 1598 470 1664 transire
496 1600 704 1675 decreverat;
733 1601 793 1665 sed
824 1600 963 1665 navibus
992 1599 1132 1664 transire
1161 1619 1269 1681 neque
1297 1599 1380 1663 satis

329 1707 440 1762 tutum
451 1718 523 1763 esse
534 1700 766 1778 arbitrabatur,
776 1719 885 1781 neque
895 1721 975 1765 suae
986 1719 1093 1781 neque
1104 1699 1220 1782 populi
1232 1699 1377 1762 Romani

330 1801 503 1887 dignitatis
528 1824 599 1868 esse
622 1805 800 1869 statuebat.
847 1803 976 1886 Itaque,
998 1805 1061 1869 etsi
1084 1823 1215 1868 summa
1239 1802 1409 1868 dinen-2

331 1916 382 1971 tas
408 1906 548 1972 faciendi
579 1909 691 1991 pontis
721 1909 971 1993 proponebatur
998 1917 1136 1992 propter
1161 1906 1381 1983 latitudinem,

330 2010 543 2093 rapiditatem
582 2010 857 2094 altitudinemque
899 2011 1053 2090 fluminis,
1088 2021 1201 2075 tamen
1244 2012 1279 2075 id
1317 2011 1380 2075 sibi

330 2114 597 2178 contendendum
624 2126 683 2178 aut
712 2114 809 2179 aliter
834 2133 901 2178 non
929 2114 1170 2179 traducendum
1196 2114 1381 2179 exercitum

330 2216 555 2282 existimabat.
600 2216 780 2282 Rationem
815 2219 926 2300 pontis
955 2218 1042 2283 hanc
1075 2218 1227 2283 instituit
1270 2217 1411 2301 Tignas

331 2320 410 2386 bina
430 2320 682 2405 sesquipedalia,
703 2320 840 2403 paulum
863 2322 907 2386 ab
931 2322 999 2386 imo
1021 2331 1209 2405 praeacuta,
1231 2322 1382 2386 dimensa

331 2426 374 2489 ad
393 2423 602 2490 altitudinem
623 2424 770 2490 fluminis
791 2424 966 2490 intervallo
987 2427 1111 2510 pedum
1124 2426 1275 2493 ,duorum
1298 2425 1382 2488 inter

331 2549 368 2593 se
397 2528 565 2612 iungebat.
610 2529 706 2595 Haec
735 2550 811 2594 cum
841 2529 1142 2596 machinationibus
1167 2530 1317 2593 immissa
1347 2529 1412 2598 inc

331 2632 456 2697 flumen
470 2632 635 2698 defixerat
649 2632 842 2717 fistucisque
855 2635 1024 2719 adegerat,
1035 2654 1101 2698 non
1117 2633 1263 2698 sublicae
1279 2633 1381 2697 modo

331 2736 458 2802 directe
488 2738 531 2801 ad
560 2738 846 2822 perpendiculum,
870 2740 930 2803 sed
960 2758 1065 2821 prone
1089 2758 1129 2803 ac
1154 2738 1318 2821 sastigate,
1344 2748 1382 2802 ut

331 2841 513 2905 secundum
548 2852 701 2907 naturam
732 2843 878 2907 fluminis
908 2842 1182 2926 procumberent,
1220 2841 1272 2905 his
1300 2841 1411 2911 item5

332 2943 497 3008 contraria
529 2944 597 3008 duo
629 2947 673 3011 ad
711 2948 854 3011 eundem
888 2948 1025 3012 modum
1060 2946 1172 3010 iuncta
1209 2944 1383 3010 intervallo

332 3048 455 3133 pedum
489 3050 737 3133 quadragenum
771 3052 815 3115 ab
850 3050 1005 3115 inferiore
1038 3060 1133 3133 parte
1165 3059 1281 3114 contra
1312 3049 1381 3112 vim

333 3164 434 3236 atque
470 3151 633 3235 impetum
671 3152 819 3218 fluminis
855 3173 1014 3220 conversa
1049 3154 1226 3219 statuebat.
1287 3153 1412 3217 Haece

333 3272 473 3340 utraque
493 3256 627 3340 insuper
643 3256 855 3340 bipedalibus
872 3258 1022 3323 trabibus
1040 3256 1207 3336 immissis,
1221 3267 1382 3340 quantum

334 3384 448 3429 eorum
464 3362 632 3446 tignorum
647 3362 797 3427 iunctura
812 3362 969 3443 distabat,
984 3361 1070 3426 binis
1088 3363 1253 3444 utrimque
1273 3361 1383 3428 fibulis

333 3470 377 3534 ab
397 3478 549 3534 extrema
571 3476 667 3550 parte
687 3467 947 3543 distinebantur3
970 3467 1092 3549 quibus
1111 3466 1263 3531 disclusis
1282 3476 1412 3549 atque7

334 3573 367 3635 in
383 3572 582 3639 contrariam
597 3581 726 3653 partem
738 3571 889 3638 revinctis
900 3582 995 3636 tanta
1005 3582 1077 3636 erat
1088 3570 1198 3654 operis
1213 3570 1383 3636 firmitudo

368 3773 411 3819 10.
428 3773 478 3834 57.
505 3773 570 3831 tuti,
606 3770 750 3837 ‘protected
783 3768 834 3835 by!
886 3770 1051 3830 §t‘Cncrar
1060 3771 1225 3836 hnecgenera
1239 3770 1384 3820 munitionis

335 3833 392 3883 The
400 3836 470 3884 word
480 3835 538 3885 here
552 3838 644 3887 retains
659 3838 692 3887 its
705 3836 751 3886 tull
767 3836 834 3887 force
884 3837 1007 3889 instituit!
1023 3838 1063 3889 On
1076 3838 1118 3889 the
1129 3839 1217 3903 bridge
1228 3851 1269 3886 see
1278 3836 1346 3886 Note
1354 3836 1382 3885 B.

335 3914 363 3948 ns
385 3900 427 3948 the
451 3902 581 3967 participle
598 3901 628 3952 oi
641 3900 743 3953 ‘tneor'
760 3903 785 3952 in
801 3902 835 3953 irs
919 3906 976 3965 57.
1000 3908 1105 3963 quibus
1137 3905 1279 3954 dtwtnsm
1321 3902 1384 3951 This

335 3965 433 4031 passive
444 3966 617 4030 dgnification.
885 3967 959 4019 refers
980 3976 1007 4020 to
1031 3969 1119 4021 ‘Haec
1142 3965 1263 4034 utraque'
1285 3976 1329 4018 not
1355 3974 1383 4018 to

367 4034 408 4083 17.
422 4032 435 4088 l
448 4044 471 4092 3.
489 4034 655 4083 Rationem.
668 4036 834 4084 ..institnit
885 4032 1001 4085 ‘fibulis’

335 4095 386 4146 For
402 4094 444 4145 the
460 4103 517 4146 tum
533 4098 563 4146 ol
574 4097 664 4161 phrase
679 4114 720 4163 cp.
738 4100 779 4148 vii.
793 4111 834 4162 72,
