3234 5134
842 605 967 687 284
1533 618 1588 668 c.
1642 618 1836 671 ιυιιι
1880 618 2257 672 CAESARIS
2725 620 2825 685 [ω.
2845 633 2899 682 ³·

509 790 656 841 down
678 789 808 840 stom
848 779 1465 865 praecipitabantur.
1575 781 1846 847 Marcus
1899 781 2269 856 Petronius,
2314 783 2609 849 eiusdem
2667 778 2938 864 legionis4

509 857 595 907 the
614 856 771 907 walls.

510 944 635 996 sels-

848 884 1164 963 centurio,
1211 903 1362 947 cum
1411 894 1636 969 portas
1694 886 2004 951 excidere
2062 897 2337 953 conatus
2383 897 2577 968 esset,
2627 906 2668 950 a
2717 882 2900 949 multi·

509 1009 730 1062 sacrifice
750 1009 809 1060 of
849 987 1079 1052 tudine
1114 1008 1465 1072 oppressus
1494 1010 1573 1055 ac
1602 989 1727 1054 sibi
1764 990 2122 1073 desperans
2152 991 2376 1056 multis
2407 992 2541 1057 iam
2568 989 2904 1054 vulneribus

513 1078 588 1127 M.
610 1076 778 1127 Petro-

510 1157 636 1191 nius.

516 2247 797 2296 Diuarons

513 2312 796 2362 conclusion

512 2377 569 2425 os
586 2377 670 2428 the

512 2442 799 2509 enterprise.

516 3375 744 3423 reproves

516 3571 645 3605 men.

850 1092 1142 1173 acceptis
1172 1092 1689 1177 manipularibus
1718 1095 1873 1176 suis,
1902 1096 2015 1177 qui
2054 1095 2239 1159 illum
2267 1096 2476 1161 secuti
2504 1103 2712 1169 erant,
2740 1099 2906 1174 ‘quo-

849 1194 1063 1275 niam,’
1118 1195 1350 1279 inquit,
1397 1202 1413 1231 ‘
1437 1217 1545 1260 me
1597 1217 1732 1262 una
1784 1199 2130 1264 vobiscum
2177 1219 2436 1264 servare
2476 1219 2610 1265 non
2655 1214 2903 1283 possum,

847 1309 1103 1364 vestrae
1146 1301 1417 1383 quidem
1462 1311 1641 1365 certe
1680 1303 1859 1367 vitae
1902 1304 2322 1386 prospiciam,
2365 1323 2536 1386 quos
2582 1302 2908 1387 cupiditate

848 1402 1097 1486 gloriae
1120 1405 1448 1469 adductus
1471 1404 1539 1467 in
1566 1404 1926 1487 periculum
1951 1408 2227 1472 deduxi.
2288 1408 2431 1472 Vos
2451 1408 2615 1472 data
2637 1404 2908 1469 facultate

848 1506 1039 1572 vobis
1088 1507 1453 1573 consulite!
1542 1508 1757 1573 Simul
1811 1510 1877 1573 in
1928 1512 2185 1576 medios
2238 1512 2466 1577 hostes
2511 1511 2739 1596 irrupit
2777 1509 2939 1571 duo-s

848 1612 1104 1694 busque
1163 1612 1518 1678 interfectis
1578 1613 1866 1696 reliquos
1916 1634 1959 1679 a
2011 1625 2205 1698 porta
2264 1615 2536 1698 paulum
2595 1610 2907 1680 submovit.

851 1712 1264 1780 Conantibus
1306 1717 1611 1781 auxiliari
1658 1718 1812 1799 suis,
1858 1716 2171 1797 ‘smstra,’
2219 1720 2455 1802 inquit,
2497 1721 2514 1749 ⁸
2542 1738 2730 1784 meae
2767 1716 2940 1779 vitae⁶

846 1820 1193 1884 subvenire
1222 1821 1570 1897 conamini,
1593 1842 1793 1905 quem
1823 1823 1957 1886 iam
1988 1824 2260 1908 sanguis
2280 1823 2586 1906 viresque
2613 1820 2906 1889 deficiunt.

850 1922 1136 1988 Proinde
1194 1925 1396 2002 abite,
1456 1927 1617 1991 dum
1667 1937 1771 1992 est
1819 1925 2115 2005 facultas,
2161 1947 2413 2010 vosque
2471 1928 2559 1991 ad
2621 1926 2906 2009 legionem

848 2024 1161 2110 recipite.’
1251 2028 1357 2092 Ita
1417 2048 1725 2112 pugnans
1782 2041 1938 2113 post
1996 2030 2269 2114 paulum
2328 2030 2626 2096 concidit
2683 2049 2758 2094 ac
2807 2024 2908 2090 suis

846 2132 1041 2196 saluti
1071 2131 1209 2195 suit.

944 2234 1191 2311 Nostri,
1223 2255 1373 2301 cum
1416 2237 1709 2320 undique
1738 2250 2213 2322 premerentur,
2247 2252 2426 2303 XLVI
2456 2235 2968 2304 centurionibusn

856 2339 1116 2404 amissis
1146 2339 1383 2405 deiecti
1415 2351 1569 2406 sunt
1604 2341 1772 2405 loco,
1864 2341 2000 2408 Sed
2031 2343 2488 2408 intolerantius
2522 2341 2750 2406 Gallos
2778 2341 2905 2402 inse·

853 2453 1132 2526 quentes
1173 2444 1349 2528 legio
1389 2445 1649 2510 decima
1684 2446 1989 2523 tardavit,
2019 2467 2194 2530 quae
2236 2467 2361 2530 pro
2406 2446 2705 2511 subsidio
2748 2440 2908 2529 paulo

851 2548 1162 2631 aequiore
1212 2548 1359 2612 loco
1411 2550 1821 2615 constiterat.
1916 2551 2111 2615 Hanc
2173 2571 2392 2616 rursus
2452 2564 2620 2615 xm.
2680 2544 2943 2630 legionisz

851 2653 1155 2718 cohortes
1191 2663 1611 2737 exceperunt,
1643 2674 1814 2737 quae
1861 2676 1954 2719 ex
1997 2657 2226 2721 castris
2271 2656 2640 2720 minoribus
2675 2656 2913 2719 eductae

853 2774 1003 2820 cum
1065 2756 1225 2822 Tito
1286 2756 1524 2822 Sextio
1581 2756 1807 2842 legato
1864 2771 2181 2844 ceperant
2239 2759 2459 2824 locum
2524 2758 2913 2843 superiorem·

854 2859 1205 2943 LegioneS,
1276 2863 1387 2926 ubi
1464 2863 1749 2946 primum
1823 2863 2173 2948 planiciem
2243 2864 2628 2950 attigerunt,
2703 2856 2951 2926 infestis-’o

851 2973 1079 3027 contra
1153 2963 1376 3029 hostes
1449 2967 1650 3049 signis
1723 2970 2176 3033 constiterunt.
2278 2966 2789 3052 Vercingetorix
2848 2958 2951 3023 ab⁴
3056 2965 3057 3020 f

853 3067 1187 3132 radicibus
1230 3069 1414 3132 collis
1458 3091 1614 3134 suos
1654 3072 1828 3137 intra
1869 3073 2266 3138 munitiones
2310 3072 2598 3135 reduxit.
2692 3072 2792 3134 Eo
2829 3064 2914 3130 die

855 3171 1093 3236 milites
1136 3182 1290 3236 sunt
1335 3173 1537 3255 paulo
1582 3177 1802 3241 minus
1845 3177 2244 3260 septingenti
2286 3175 2663 3240 desiderati.

945 3277 1220 3340 Postero
1279 3277 1388 3342 die
1436 3276 1683 3343 Caesar
1741 3282 2053 3345 contione
2112 3282 2438 3345 advocata
2497 3276 2913 3344 temeritatem
2933 3272 2985 3327 52

855 3381 1417 3465 cupiditatemque
1476 3381 1759 3447 militum
1834 3385 2271 3466 reprehendit,
2329 3389 2344 3416 ‘
2369 3383 2551 3468 quod
2628 3382 2752 3446 sibi
2818 3371 2916 3458 ipsi

857 3484 1340 3561 iudicavissent,
1407 3505 1541 3568 quo
1614 3490 2113 3570 procedendum
2188 3498 2304 3552 aut
2377 3488 2537 3571 quid
2612 3484 2916 3569 agendum

855 3590 1202 3668 videretur,
1234 3609 1446 3672 neque
1475 3591 1668 3673 signo
1700 3591 2058 3675 recipiendi
2082 3593 2243 3657 dato
2264 3592 2714 3657 constitissent
2737 3601 2919 3668 neque

854 3693 941 3756 ab
974 3694 1253 3759 tribunis
1285 3693 1571 3758 militum
1603 3695 1972 3779 legatisque
2014 3695 2276 3760 retineri
2312 3693 2718 3779 potuissent!
2801 3689 2916 3753 Ex·
2937 3713 2954 3745 2

857 3798 1096 3880 posuit,
1129 3805 1149 3834 ‘
1170 3798 1331 3881 quid
1364 3799 1672 3882 iniquitas
1702 3800 1830 3865 loci
1854 3810 2098 3883 posset,
2116 3801 2273 3883 quid
2304 3800 2443 3883 ipse
2476 3800 2563 3864 ad
2583 3797 2916 3863 Avaricum

854 3902 1179 3981 sensisset,
1226 3923 1375 3968 cum
1434 3904 1570 3968 sine
1631 3905 1798 3969 duce
1843 3913 1912 3968 et
1971 3905 2114 3968 sine
2165 3903 2465 3987 equitatu
2520 3894 2918 3988 deprehensis

926 4066 1022 4182 3:155.
1056 4072 1186 4123 pont
1228 4070 1475 4126 paulum.
1558 4066 1697 4132 Only
1734 4067 1852 4118 here
1950 4069 2108 4183 Chm.
2136 4070 2162 4124 5
2192 4080 2234 4116 2.
2267 4069 2409 4125 quid
2425 4069 2575 4125 ¹9⁸0·
2596 4102 2611 4117 .
2631 4064 2913 4116 seminet·

858 4150 902 4182 m
978 4145 1127 4182 uestr-
2034 4168 2048 4182 .
2075 4145 2152 4198 19.
