3234 5134
190 607 235 656 53.
248 600 276 669 3]
428 602 482 653 DE
504 602 628 654 BELLO
654 602 822 654 GALLICO.
874 602 943 654 Lm.
973 604 999 653 V
1182 609 1239 670 199

190 763 271 829 alias
285 764 490 830 cohortando
502 785 659 849 magnam
671 775 799 848 partem
814 762 942 830 Galliae
952 764 985 829 in
1000 762 1109 830 officio
1119 757 1236 829 tenuit.

161 867 320 932 rTamen
349 866 508 948 Senones,
536 888 622 952 quae
650 878 702 934 est
737 869 851 935 civitas
888 868 1050 952 imprimis
1079 866 1174 933 firma
1203 877 1237 933 et
1250 873 1305 924 The

191 989 332 1055 magnae
369 972 455 1038 inter
492 972 608 1039 Gallos
645 973 859 1051 auctoritatis,
897 971 1106 1054 Cavarinum,
1134 993 1234 1056 quem
1247 939 1374 1071 ffiffi,

191 1074 319 1156 Caesar
335 1076 426 1159 apud
447 1097 504 1142 eos
523 1097 635 1160 regem
658 1077 886 1154 constituerat,
902 1077 995 1142 cuius
1013 1076 1115 1141 irater
1132 1076 1236 1141 Mori·
1248 1071 1394 1186 {hincve

190 1188 304 1265 tasgus
332 1180 478 1245 adventu
503 1181 537 1245 in
564 1179 707 1246 Galliam
733 1180 883 1246 Caesaris
908 1180 1066 1263 cuiusque
1095 1181 1236 1245 maiores
1248 1152 1362 1252 03¹ss

191 1303 329 1368 regnum
351 1284 573 1363 obtinuerant,
592 1283 772 1349 interficere
794 1282 928 1368 publico
954 1282 1091 1348 consilio
1114 1285 1236 1364 conati,

161 1407 266 1462 scum
282 1387 337 1452 ille
351 1389 586 1472 praesensisset
605 1409 644 1453 ac
659 1386 867 1471 profugisset,
881 1388 1042 1470 usquead
1057 1387 1139 1480 fines
1154 1389 1237 1453 inse-

190 1493 258 1556 cuti
278 1512 381 1575 regno
403 1493 572 1577 domoque
592 1490 794 1575 expulerunt
815 1501 850 1557 et
867 1492 974 1556 missis
992 1493 1036 1557 ad
1061 1489 1236 1556 Caesarem

190 1594 415 1660 satisfaciundi
430 1617 530 1662 causa
546 1597 675 1680 legatis,
690 1616 766 1661 cum
783 1597 811 1660 is
826 1616 961 1661 omnem
976 1596 1019 1660 ad
1034 1616 1070 1660 se
1085 1606 1236 1660 senatum

159 1700 300 1767 4venire
322 1700 478 1779 iussisset,
500 1700 590 1765 dicto
613 1700 787 1765 audientes
814 1720 879 1764 non
903 1698 1044 1764 luerunt.
1088 1699 1235 1764 Tantum
1249 1707 1393 1759 Reflexlom

189 1802 279 1886 apud
311 1802 463 1868 homines
492 1804 650 1869 barbaros
681 1803 787 1868 valuit
818 1823 890 1869 esse
921 1802 1051 1887 aliquos
1088 1813 1236 1886 repertos
1248 1773 1405 1891 2²1¹&ssoe

190 1906 354 1992 principes
370 1905 529 1973 inferendi
544 1907 634 1987 belli,
650 1916 844 1991 tantamque
859 1908 1013 1973 omnibus
1028 1906 1236 1972 voluntatum

189 2011 481 2076 commutationem
505 2011 627 2090 attulit,
654 2022 690 2076 ut
718 2021 851 2095 praeter
875 2012 1015 2077 Aeduos
1040 2020 1074 2076 et
1101 2010 1237 2089 Remos,

188 2134 272 2198 quos
295 2116 475 2199 praecipuo
497 2135 630 2198 semper
653 2115 778 2180 honore
812 2114 934 2181 Caesar
963 2114 1088 2193 habuit,
1114 2113 1237 2179 alteros

189 2239 250 2301 pro
277 2227 389 2283 vetere
412 2238 452 2285 ac
478 2227 638 2303 perpetua
660 2240 739 2303 erga
762 2220 925 2303 populum
950 2218 1139 2284 Romanum
1163 2219 1238 2296 fide,

190 2321 312 2387 alteros
341 2343 402 2407 pro
432 2323 618 2389 recentibus
649 2322 767 2388 Gallici
798 2322 876 2388 belli
902 2321 1026 2399 officiis,
1052 2322 1142 2387 nulla
1169 2322 1237 2387 iere

161 2449 176 2496 5
190 2427 305 2492 civitas
320 2424 418 2492 fuerit
433 2446 499 2491 non
514 2437 669 2510 suspecta
685 2427 789 2492 nobis.
835 2427 942 2510 quue
962 2427 1048 2491 adeo
1063 2426 1152 2490 haud
1168 2428 1237 2491 scio

191 2531 422 2596 mirandumne
442 2532 498 2610 sit,
519 2551 595 2596 cum
617 2529 843 2615 compluribus
865 2531 936 2596 aliis
959 2532 1001 2596 de
1024 2532 1141 2611 causis,
1163 2540 1235 2596 tum

192 2634 347 2711 maxime,
371 2636 461 2718 quod
486 2629 558 2724 [ei],
580 2636 637 2718 qui
661 2635 782 2701 virtute
804 2634 884 2700 belli
905 2634 1058 2699 omnibus
1081 2635 1236 2718 gentibus

190 2737 466 2820 praeferebantur,
481 2747 611 2805 tantum
626 2761 663 2804 se
682 2738 752 2804 eius
774 2740 938 2823 opinionis
952 2739 1186 2822 deperdidisse,
1200 2748 1237 2803 ut

190 2842 345 2926 apopulo
356 2842 510 2908 Romano
519 2844 660 2926 imperia
669 2843 857 2927 perferrent,
866 2843 1058 2927 gravissime
1066 2842 1236 2909 dolebant.

128 2961 170 3014 55
234 2946 370 3011 Treveri
394 2956 596 3031 vernatque
621 2947 868 3012 Indutiomarus
893 2947 997 3012 totius
1020 2947 1139 3012 hiemis
1162 2948 1402 3031 nul-Aetium(

189 3049 256 3114 lum
284 3059 418 3133 tempus
439 3050 690 3126 intermiserunt,
713 3052 793 3135 quin
816 3061 907 3116 trans
930 3051 1086 3116 Rhenum
1107 3051 1236 3135 legatos
1247 3018 1404 3134 fflffin

191 3155 369 3232 mitterent,
393 3155 544 3220 civitates
569 3155 793 3234 sollicitarent,
816 3156 972 3239 pecunias
995 3156 1235 3239 pollicerentur,
1248 3150 1375 3200 tionum.

190 3259 331 3341 ‘magna
344 3268 441 3340 parte
455 3259 621 3323 exercitus
640 3259 742 3324 nostri
762 3257 934 3324 interiecta
953 3260 1058 3324 multo
1074 3261 1235 3324 minorem

162 3358 378 3444 isuperesse’
393 3362 540 3427 dicerent
556 3365 564 3394 ⁸
577 3361 725 3446 partem!
770 3363 890 3445 Neque
908 3370 1021 3426 tamen
1037 3361 1094 3426 ulli
1109 3363 1236 3428 civitati

190 3464 430 3530 Germanorum
459 3467 650 3551 persuaderi
677 3467 796 3550 potuit,
821 3478 859 3531 ut
885 3465 1042 3530 Rhenum
1073 3466 1236 3547 transiret,

189 3589 264 3634 cum
299 3577 355 3634 ‘se
382 3569 434 3635 bis
470 3568 647 3653 expertos'
679 3571 836 3644 dicerent,
870 3570 1054 3635 ‘Ariovisti
1083 3568 1172 3634 bello
1202 3581 1236 3634 et

188 3672 427 3739 Tencterorum
463 3675 625 3740 transitu:
670 3695 736 3740 non
769 3694 842 3740 esse
878 3674 1023 3756 amplius
1067 3672 1234 3740 fortunam

159 3776 429 3861 3temptaturos.’
486 3777 561 3843 Hac
598 3799 659 3862 spe
694 3777 807 3863 lapsus
850 3778 1095 3843 Indutiomarus
1131 3778 1235 3845 nihilo
1355 3849 1362 3864 Ι

189 3884 296 3948 minus
317 3883 432 3965 copias
454 3902 581 3968 cogere,
595 3904 793 3961 exercere,a
816 3882 966 3948 finitimis
987 3902 1090 3966 equos
1110 3903 1235 3967 parare,

218 4035 264 4082 54.
279 4035 292 4092 5
307 4044 328 4080 2.
346 4032 525 4082 Onrerlunm.
558 4029 652 4083 Caesar
662 4030 754 4081 admits
765 4029 791 4080 io
802 4029 835 4080 r'n
848 4042 872 4094 5,
885 4033 899 4090 ς
912 4042 925 4079 a
941 4028 995 4080 tbnt
1009 4029 1048 4081 his
1058 4032 1174 4083 nominee
1185 4032 1235 4083 bad

186 4097 303 4149 deserved
313 4095 453 4163 expulsion
