3234 5134
342 632 384 697 3⁰
694 623 722 676 c.
748 624 844 676 rurrr
868 623 1054 678 cassam
1290 622 1348 690 [sn.
1362 638 1395 672 ι.

342 809 364 854 a
386 786 536 852 Labieno
558 786 713 870 occupari
735 784 886 863 voluerit,
908 786 951 850 ab
973 785 1125 851 hostibus
1147 784 1272 850 teneri:
1300 784 1334 849 id
1356 805 1393 849 se

343 913 364 956 a
388 890 523 957 Gallicis
550 890 651 956 armis
680 898 782 973 atque
814 889 996 972 insignibus
1021 891 1225 972 cognovisse
1270 886 1422 963 Caesar3

343 1015 419 1060 suas
433 995 548 1077 copias
562 994 597 1057 in
613 994 803 1078 proximum
819 992 938 1059 collem
953 992 1120 1072 subducit,
1129 993 1235 1059 aciem
1251 992 1392 1057 instruit.

344 1098 522 1178 Labienus,
537 1110 574 1161 ut
589 1107 661 1162 erat
681 1098 711 1162 ei
731 1107 945 1182 praeceptum
964 1119 984 1162 a
1000 1097 1153 1175 Caesare,
1167 1116 1210 1161 ne
1229 1097 1392 1183 proelium

343 1202 576 1277 committeret,
606 1200 669 1265 nisi
699 1200 802 1284 ipsius
832 1201 947 1286 copiae
978 1221 1082 1285 prope
1110 1201 1255 1265 bostium
1285 1211 1394 1265 castra

344 1306 433 1371 visae
444 1314 572 1382 essent,
585 1312 624 1368 ut
643 1304 789 1388 undique
809 1325 874 1368 uno
894 1315 1046 1389 tempore
1067 1305 1100 1367 in
1120 1304 1232 1369 hostes
1250 1304 1393 1387 impetus

344 1407 446 1487 fieret,
472 1419 586 1473 monte
610 1416 774 1493 occupato
801 1419 932 1474 nostros
958 1409 1175 1491 exspectabat
1204 1406 1394 1493 proelioque

343 1513 539 1579 abstinebat„
585 1512 696 1576 Multo
710 1512 853 1594 denique
873 1511 928 1577 die
948 1532 1007 1595 per
1026 1511 1255 1596 exploratores
1271 1512 1423 1579 Caesar4

343 1616 501 1701 cognovit
526 1624 561 1681 et
586 1625 734 1682 montem
761 1636 782 1679 a
805 1616 874 1680 suis
897 1617 1001 1682 teneri
1028 1625 1062 1680 et
1087 1616 1260 1680 Helvetios
1285 1624 1395 1682 castra

344 1721 485 1786 movisse
516 1731 549 1785 et
580 1718 774 1786 Considium
804 1720 924 1785 timore
955 1720 1174 1802 perterritum,
1204 1721 1295 1803 quod
1325 1740 1393 1785 non

343 1825 489 1903 vidisset,
503 1844 565 1907 pro
576 1824 647 1890 viso
661 1825 723 1889 sibi
737 1824 954 1889 renuntiasse.
999 1823 1051 1887 Eo
1065 1823 1121 1888 die
1135 1843 1203 1907 quo
1219 1836 1393 1890 consuerat
1407 1847 1421 1896 5

345 1927 521 1994 intervallo
531 1928 643 1993 hostes
657 1928 805 2011 sequitur
816 1937 851 1993 et
866 1927 956 1993 milia
971 1947 1129 2011 passuum
1140 1926 1204 1992 tria
1218 1926 1262 1991 ab
1276 1948 1392 1993 eorum

345 2032 461 2098 castris
476 2042 585 2097 castra
600 2031 703 2116 ponit.

175 2153 268 2202 emar
389 2135 552 2202 Postridie
574 2136 644 2201 eius
669 2133 744 2210 diei,
768 2137 860 2217 quod
885 2134 1023 2199 omnino
1047 2135 1186 2199 biduum
1213 2143 1391 2219 supererat,
1405 2148 1447 2203 28

176 2217 311 2334 ἓξὲξ
345 2261 420 2306 cum
456 2239 615 2305 exercitui
649 2239 850 2303 frumentum
884 2239 993 2303 metiri
1026 2247 1203 2323 oporteret,
1232 2248 1267 2304 et
1299 2240 1391 2322 quod

175 2348 256 2398 ward·
267 2348 307 2398 Bi·
345 2365 365 2408 a
382 2344 545 2419 Bibracte,
556 2344 681 2429 oppido
691 2341 891 2407 Aeduorum
902 2342 1002 2427 longe
1018 2342 1168 2408 maximo
1183 2353 1218 2407 et
1233 2341 1392 2427 copiosis·

175 2413 333 2530 ffiffl
345 2449 439 2527 simo,
465 2468 532 2513 non
560 2446 704 2532 amplius
730 2445 863 2511 milibus
893 2466 1050 2531 passuum
1076 2459 1171 2510 xvm
1197 2448 1321 2524 aberat,
1346 2448 1392 2511 rei

176 2545 288 2661 beffifi
345 2552 578 2619 frumentariae
607 2552 873 2638 prospiciendum
900 2551 1124 2626 existimavit3
1155 2551 1217 2616 iter
1241 2551 1285 2615 ab
1311 2552 1393 2616 Hel-

289 2647 297 2662 ’
345 2658 441 2723 vetiis
469 2655 590 2722 avertit
619 2674 658 2720 ac
685 2654 839 2720 Bibracte
868 2655 916 2719 ire
945 2655 1125 2721 contendit.
1172 2654 1224 2718 Ea
1253 2675 1305 2719 res
1334 2677 1422 2738 pera

345 2763 499 2846 fugitivos
515 2760 554 2825 L.
569 2759 716 2835 Aemilii,
736 2760 920 2825 decurionis
943 2760 1091 2842 equitum
1113 2758 1297 2835 Gallorum,
1317 2760 1393 2824 hos·

377 2899 422 2944 22.
444 2899 456 2954 ς
482 2908 504 2945 a.
527 2897 698 2953 instantibus,
716 2892 846 2945 ‘deviner'
893 2895 1007 2945 Bibracte
1021 2909 1074 2944 wan
1090 2893 1169 2958 really
1183 2909 1216 2944 on
1233 2895 1275 2945 the
1291 2898 1393 2947 summit

346 2959 483 3011 onshieldr
493 2959 542 3009 and
554 2960 667 3010 belmets.
699 2960 771 3024 They
781 2975 846 3010 were
892 2961 922 3009 of
937 2960 1011 3010 Mont
1028 2961 1147 3024 Beuvrny,
1164 2966 1192 3009 at
1210 2977 1226 3008 a
1242 2960 1351 3011 dumne
1367 2962 1396 3010 ol

345 3041 414 3075 worn
426 3026 443 3075 b
469 3024 512 3074 the
523 3025 622 3074 Roman
634 3024 739 3075 soldiern
749 3041 777 3074 ns
787 3025 846 3075 well
891 3040 961 3076 some
972 3024 1124 3089 twenty-live
1135 3024 1278 3075 kilometres
1289 3027 1322 3089 by
1331 3026 1392 3075 rond

344 3107 373 3142 rs
389 3092 422 3156 by
461 3106 476 3140 e
492 3089 580 3140 Gaulo.
614 3090 662 3156 Cp.
677 3091 705 3140 ii.
724 3102 763 3152 21,
781 3096 795 3150 l
814 3105 845 3155 5:
891 3092 956 3140 from
974 3092 1065 3140 Aulon.
1100 3090 1157 3140 One
1175 3107 1234 3155 may
1250 3091 1303 3142 still
1324 3099 1393 3142 trane

344 3157 386 3208 vii.
400 3170 442 3222 452
455 3160 469 3217 l
482 3166 504 3219 ⁷·
892 3156 961 3234 there
971 3156 1015 3232 the
1025 3154 1195 3232 lortifioetions
1206 3156 1235 3205 oi
1242 3157 1284 3206 tbe
1295 3158 1393 3207 ancient

345 3227 410 3340 „a
418 3219 846 3352 inimitabili}
892 3220 1395 3344 tztrfflurultaurtars

345 3355 469 3405 Labienus
487 3353 536 3403 nod
555 3352 595 3402 bie
612 3352 679 3402 force
698 3359 763 3402 murt
782 3351 846 3401 bere
891 3350 1002 3402 Caesnr's
1013 3351 1100 3401 winter
1113 3367 1188 3417 camp
1200 3353 1253 3415 (vti.
1270 3358 1339 3419 φή
1356 3354 1392 3430 9),

345 3422 407 3471 been
422 3419 560 3484 destroyed,
572 3433 601 3468 so
617 3417 672 3468 ebat
687 3418 780 3469 Cuem
793 3433 847 3467 was
891 3416 973 3467 wbiob
986 3415 1020 3467 he
1034 3417 1161 3467 entrusted
1175 3427 1202 3467 to
1214 3419 1317 3482 Antony
1328 3418 1392 3484 (mii.

345 3487 520 3612 affligi?
530 3483 670 3608 ffidie
694 3550 755 3598 elna
777 3550 845 3599 dieb
894 3486 942 3607 ’,ἑ
956 3484 1136 3606 ¹alfuzittuoe
1153 3552 1186 3598 L.
1197 3551 1322 3612 Aemilii,
1335 3550 1393 3601 ‘de-

346 3617 395 3682 Cp.
408 3619 477 3681 47‚§
498 3630 510 3664 a
529 3614 625 3681 ‘pridie
641 3614 695 3665 eins
710 3611 777 3665 diet·
811 3613 846 3663 So
891 3619 978 3664 senten
989 3614 1053 3664 from
1061 3614 1090 3663 L.
1100 3612 1243 3666 Aemiliue'
1266 3616 1391 3681 CpFlor.

346 3682 371 3731 in
387 3681 457 3747 Livy,
473 3681 548 3731 xxvii.
565 3685 633 3746 ,aps
650 3693 672 3733 1.
684 3680 733 3730 nod
747 3679 800 3730 Cio.
812 3677 847 3728 ed
891 3680 972 3742 ii.13‚
990 3683 1003 3740 ς
1021 3693 1051 3743 ⁵²
1071 3679 1214 3732 ‘desertoris
1229 3679 1285 3743 sui,’
1301 3683 1333 3730 ‘n
1348 3680 1392 3730 de·

346 3748 400 3823 Art.
411 3746 492 3831 1117,
509 3750 522 3807 ς
542 3759 553 3796 1
574 3750 646 3812 ‘post
661 3745 729 3796 diem
746 3746 846 3796 wfium
892 3752 968 3795 uerter
979 3746 1043 3795 irom
1054 3744 1171 3797 himself!

345 3826 398 3862 eins
408 3811 466 3860 drer.
925 3813 1094 3862 noonrronra
1128 3814 1154 3861 A
1168 3811 1268 3861 desudo
1283 3827 1335 3861 was
1348 3811 1390 3861 the

379 3878 519 3926 Blbraote.
553 3878 632 3927 Fora
648 3874 710 3942 long
722 3876 783 3927 time
795 3876 847 3926 thu
891 3877 1052 3927 commender
1066 3876 1095 3927 ol
1106 3892 1122 3926 a
1136 3884 1224 3939 turma,
1238 3876 1319 3926 wblcb
1332 3890 1392 3926 eon·

345 3955 398 3990 rm
414 3940 542 3991 identified
551 3942 613 3992 with
624 3944 710 3991 Autun
728 3942 781 4006 (the
792 3942 846 3991 Au·
892 3942 969 3992 nisted
980 3942 1010 3991 ol
1017 3942 1155 4006 thirty-two
1165 3957 1230 4003 men,
1241 3941 1289 3990 and
1300 3956 1352 3990 vm
1362 3949 1390 3991 to

345 4005 847 4122 semermes:
891 4007 1176 4138 atauus
1190 4013 1390 4134 aaut

345 4138 392 4190 uot
407 4136 474 4186 nave
489 4143 527 4187 net
542 4137 563 4187 rt
579 4137 678 4202 beyond
694 4137 773 4188 doust
791 4137 847 4188 that
1049 4109 1057 4123 '
1166 4087 1202 4135 ¹¹⁸

53 4746 196 5088 f
484 4782 695 5088 Δ
