3234 5134
372 570 432 614 222
716 564 744 615 c.
769 563 868 614 rurrr
891 563 1081 617 caesaris
1329 565 1386 633 [aa
1400 574 1428 610 2-

373 728 511 792 modum
526 735 652 791 certum
665 736 723 792 aut
736 726 818 791 lines
828 727 930 794 habet
943 727 1115 812 proprios3
1137 726 1196 793 sed
1206 725 1428 810 magistratus

371 851 411 896 ac
426 831 589 914 principes
605 831 638 894 in
653 850 759 895 annos
773 831 920 915 singulos
934 833 1090 915 gentibus
1100 832 1428 914 cognationibusque

371 935 554 1012 hominum,
568 955 644 999 cum
660 955 726 1000 nna
741 936 900 1014 coierunt,
913 945 1073 1018 quantum
1090 945 1124 1000 et
1139 956 1206 1019 quo
1221 934 1307 1000 loco
1323 936 1429 998 vuum

371 1047 422 1103 est
436 1038 507 1121 agri
522 1039 708 1104 attribuunt
726 1050 826 1123 atque
841 1060 929 1104 anno
949 1050 1026 1123 post
1045 1039 1110 1105 alio
1131 1041 1275 1104 transire
1294 1045 1429 1123 cogunt

372 1141 453 1207 Eius
470 1143 513 1208 rei
527 1143 649 1209 multas
665 1142 807 1208 afferunt
823 1164 956 1209 causas:
979 1165 1023 1209 ne
1038 1144 1168 1208 assidua
1183 1141 1451 1209 consuetudines

370 1247 459 1328 capti
480 1248 627 1312 studium
650 1247 729 1312 belli
751 1249 888 1330 gerendi
911 1247 1111 1334 agricultura
1130 1255 1371 1316 commutent3
1392 1264 1429 1307 re

370 1349 456 1414 latos
483 1349 565 1414 lines
594 1371 710 1435 parare
739 1351 905 1430 studeant,
930 1353 1198 1435 potentioresque
1228 1351 1429 1415 humiliores

371 1454 634 1537 possessionibus
649 1454 840 1540 expellant;
863 1476 904 1522 ne
919 1456 1102 1521 accuratius
1117 1457 1159 1518 ad
1180 1454 1308 1538 frigora
1324 1462 1429 1534 atque

369 1568 480 1623 aestus
508 1559 664 1623 vitandos
698 1559 895 1636 aedificent3
931 1580 974 1625 ne
1003 1581 1070 1644 qua
1104 1559 1230 1624 oriatur
1260 1559 1427 1642 pecuniae

368 1662 542 1747 cupiditas,
553 1684 620 1747 qua
634 1684 679 1729 ex
696 1685 729 1728 re
745 1662 905 1730 sactiones
919 1665 1207 1746 dissensionesque
1221 1670 1426 1734 nascuntur3

368 1776 406 1831 ut
420 1769 520 1832 animi
536 1768 703 1852 aequitate
726 1766 857 1852 plebem
879 1769 1080 1849 contineant,
1094 1787 1170 1832 cum
1185 1787 1263 1833 suas
1278 1767 1448 1849 quisque4

370 1891 451 1954 opes
467 1892 541 1936 cum
557 1871 796 1955 potentissimis
811 1872 944 1955 aequari
958 1871 1082 1936 videat.

201 1987 350 2037 Itesontion
414 1974 611 2041 Civitatibus
637 1976 786 2038 maxima
812 1974 884 2039 laus
908 1986 960 2041 est
983 1995 1082 2058 qnam
1112 1973 1271 2040 latissime
1296 1971 1463 2039 circum&

200 2051 309 2168 2232·
370 2099 407 2143 se
431 2079 568 2144 vastatis
594 2078 713 2143 tinibus
742 2078 938 2144 solitudines
964 2078 1095 2145 habere.
1142 2078 1218 2142 Hoc
1246 2078 1445 2163 proprium²

369 2183 500 2249 virtutis
513 2182 715 2260 existimant,
726 2183 885 2266 expulsos
900 2184 987 2267 agris
1003 2182 1161 2247 finitimos
1172 2184 1299 2262 cedere,
1312 2198 1420 2263 neque

369 2308 571 2371 quemquam
594 2308 697 2372 prope
720 2271 841 2352 audere
862 2288 1059 2364 consistere;
1082 2285 1180 2350 simul
1203 2286 1267 2351 hoc
1288 2308 1330 2351 se
1353 2287 1444 2349 fore³
1554 2301 1555 2330 l

370 2391 508 2456 tutiores
523 2392 725 2457 arbitrantur
735 2391 926 2475 repentinae
936 2390 1132 2456 incursionis
1144 2390 1262 2455 timore
1273 2389 1416 2456 sublato.

372 2494 457 2561 Cum
472 2494 595 2560 bellum
607 2495 723 2560 civitas
734 2505 791 2560 aut
803 2494 931 2560 illatum
944 2494 1093 2559 defendit
1105 2504 1162 2558 aut
1175 2494 1282 2568 insert,
1293 2493 1418 2575 magis·
1429 2491 1443 2536 ⁴

368 2608 485 2678 tratuS,
503 2600 559 2682 qui
584 2600 614 2664 ei
635 2599 722 2664 bello
745 2600 897 2683 praesint,
922 2609 958 2663 ut
980 2598 1069 2663 vitae
1090 2599 1246 2680 necisque
1268 2599 1416 2664 habeant

368 2711 578 2785 potestatem,
603 2703 801 2786 deliguntur.
846 2703 887 2766 In
910 2723 993 2787 pace
1017 2701 1127 2766 nullus
1153 2712 1204 2766 est
1228 2700 1440 2767 communiss

369 2805 590 2888 magistratus,
620 2808 678 2870 sed
711 2807 878 2890 principes
907 2806 1081 2890 regionum
1115 2816 1217 2889 atque
1253 2823 1415 2890 pagorum

368 2956 467 3008 Brltons
473 2958 866 3073 weresoignorantthatthotffih
919 2958 954 3008 tis
966 2965 1097 3023 praestant
1131 2959 1198 3008 Arra
1210 2974 1255 3047 per
1270 2975 1351 3011 annos
1365 2974 1415 3009 mn·

840 3039 849 3073 ι

366 3023 426 3088 they
445 3023 496 3073 had
515 3022 600 3088 plenty
618 3023 647 3072 ol
664 3023 734 3084 milk,
747 3023 806 3088 they
849 3025 867 3075 d
917 3031 979 3084 tant,
990 3031 1016 3074 et
1027 3031 1137 3088 superest
1150 3040 1215 3089 ager.

366 3100 410 3140 not
425 3090 499 3140 make
515 3088 608 3139 cheese.
642 3088 724 3139 There
739 3106 782 3139 are
796 3089 868 3140 other
949 3094 994 3140 28.
1008 3094 1021 3150 ᾖ
1035 3102 1057 3138 1.
1074 3091 1328 3152 Glannibanta:
1344 3093 1378 3143 iv.
1393 3102 1414 3148 1,

367 3171 461 3215 canses,
478 3155 598 3210 however.
615 3154 712 3204 besides
733 3156 866 3219 quotenne
919 3159 969 3218 53.

368 3222 407 3271 ior
424 3223 466 3272 the
483 3222 587 3271 absence
599 3219 628 3271 of
635 3238 651 3271 a
662 3221 797 3285 particular
807 3235 865 3285 pro-
952 3226 1000 3285 54.
1021 3225 1092 3272 Onm
1106 3223 1220 3282 heum,
1233 3225 1279 3271 ho.
1312 3222 1364 3273 For
1374 3220 1413 3271 the

367 3288 432 3338 duct.
468 3288 497 3337 In
517 3287 538 3336 C
574 3302 615 3336 rus
631 3286 701 3337 there
720 3302 761 3336 are
780 3285 865 3352 plenty
916 3285 1013 3363 phrase,
1033 3303 1073 3352 cp
1097 3299 1135 3350 15,
1157 3291 1170 3347 5
1195 3300 1206 3335 1
1228 3288 1278 3337 ‘uti
1300 3296 1344 3337 aut
1368 3286 1413 3353 ipsi

367 3355 396 3403 ol
404 3370 481 3414 eows,
492 3303 649 3403 butythereis
664 3367 698 3401 no
711 3350 774 3401 milk
790 3359 818 3401 to
835 3353 865 3402 be
915 3352 1018 3401 iniurias
1027 3352 1143 3403 inferrent
1158 3358 1201 3401 aut
1215 3352 1299 3403 illatas
1312 3351 1412 3418 propul-

367 3418 426 3478 had,
437 3428 523 3484 except
541 3419 574 3482 by
590 3418 678 3469 calves
714 3418 743 3467 In
760 3426 864 3482 support
915 3415 1013 3468 sarent’

366 3483 654 3542 oiStrabo'sstatement
662 3484 787 3533 Professor
795 3483 865 3547 Rbys
948 3487 1130 3542 magistratus
1153 3519 1159 3533 .
1183 3520 1189 3533 .
1214 3521 1220 3534 .
1242 3486 1411 3542 defleantur.

365 3549 449 3613 points
474 3561 517 3600 ont
540 3551 594 3599 that
619 3566 693 3611 caws,
712 3549 755 3600 the
776 3548 864 3598 Welsh
916 3547 977 3599 Tac„
989 3551 1072 3598 Germ.
1087 3559 1100 3612 7
1113 3564 1169 3613 says
1180 3548 1234 3599 that
1246 3548 1288 3599 the
1304 3550 1372 3614 right
1386 3559 1412 3597 to

365 3615 433 3663 word
446 3615 484 3664 ior
495 3616 588 3675 cbeese,
600 3615 622 3666 is
632 3615 723 3679 simply
735 3615 864 3666 borrowed
915 3615 1005 3679 punish
1018 3615 1044 3663 in
1056 3629 1107 3663 war
1122 3615 1245 3679 belonged
1258 3615 1318 3679 only
1329 3628 1357 3665 to
1372 3615 1411 3665 the

365 3678 430 3727 from
441 3680 483 3731 the
494 3681 575 3731 Latin.
915 3681 1011 3745 priests.

401 3745 449 3800 §a
467 3749 567 3804 Neque
578 3745 741 3808 quisquam,
752 3751 798 3798 ho.
831 3746 863 3798 iv.
950 3749 999 3810 55.
1017 3748 1327 3804 prinoipesreoelonnm.
1353 3746 1410 3796 Tac

368 3821 390 3868 1,
407 3811 464 3872 §73
481 3810 542 3861 Tac.
560 3812 644 3862 Germ.
668 3812 697 3861 26
711 3813 797 3877 ‘Agri
817 3828 864 3877 pro
916 3810 1000 3861 Germ.
1014 3825 1042 3860 12
1056 3810 1341 3876 ‘Eliguntnriniisdem
1353 3827 1409 3862 con·

366 3889 468 3924 numero
484 3876 615 3938 cultorum,
636 3878 668 3927 ab
685 3879 803 3928 universis
821 3893 865 3943 per
915 3876 980 3926 ciliis
990 3883 1015 3927 et
1026 3876 1157 3943 principes.
1166 3877 1208 3941 qui
1220 3879 1273 3927 iura
1281 3893 1325 3954 per
1332 3891 1411 3942 pagos

366 3939 433 3989 vices
443 3948 603 4005 occupantur,
615 3958 679 4007 qnos
689 3959 748 3992 mox
764 3945 864 3992 interae
914 3943 1031 4008 vicosque
1044 3941 1156 3992 reddant.
1189 3942 1294 3993 Centem
1308 3942 1410 4019 singulis

365 4005 497 4055 secundnm
518 4006 685 4069 dignationem
707 4009 863 4072 partiuntnr;
913 4022 944 4056 ex
964 4008 1038 4073 plebe
1057 4010 1168 4070 comites,
1188 4007 1318 4059 eonsilium
1337 4006 1409 4058 umal

364 4069 510 4122 facilitatem
521 4071 642 4136 partiendi
650 4087 794 4137 campomm
806 4087 862 4137 spa·
913 4081 939 4123 et
951 4073 1091 4131 auctorltas,
1103 4071 1207 4124 adsunt’
