3234 5134
340 623 399 704 148
529 709 532 718 ,
684 631 712 684 c
737 629 835 684 rum
858 629 1045 684 CAESARIS
1286 630 1345 697 [so.
1360 641 1392 678 1-

339 795 429 880 quod
444 794 515 861 sine
531 793 780 878 impedimentis
795 792 920 860 Caesar
933 792 1081 878 legiones
1096 799 1390 877 transportaverat,

339 901 504 983 optimum
526 898 614 965 factu
633 918 706 966 esse
726 900 907 974 duxerunt,
923 897 1104 964 rebellione
1118 897 1208 963 facta
1224 897 1417 961 frumentur

339 1013 594 1087 commeatuque
609 1015 738 1069 nocuos
753 1002 931 1087 prohibere
953 1013 989 1067 et
1008 1022 1079 1066 rem
1094 1000 1128 1066 in
1147 1001 1294 1066 hiemem
1315 1020 1389 1084 pro-

339 1109 470 1188 ducere,
480 1107 571 1191 quod
587 1107 639 1172 his
653 1106 819 1190 superatis
829 1118 888 1172 aut
900 1107 1009 1172 reditu
1026 1104 1211 1171 interclusis
1221 1103 1390 1169 neminem

340 1221 456 1297 postea
477 1212 557 1276 belli
577 1210 739 1277 inferendi
762 1232 863 1276 causa
884 1211 919 1274 in
943 1209 1150 1275 Britanniam
1173 1208 1389 1276 transiturum

340 1316 560 1383 confidebant
607 1316 727 1400 Itaque
744 1336 855 1381 rursris
877 1313 1108 1379 coniuratione
1124 1313 1213 1379 iacta
1229 1311 1418 1397 paulatiml

340 1440 386 1484 ex
415 1420 531 1486 castris
564 1422 734 1487 discedere
762 1440 801 1487 ac
827 1440 906 1484 suos
932 1419 1018 1485 clam
1046 1437 1091 1483 ex
1114 1417 1206 1503 agris
1226 1417 1390 1483 deducere

340 1535 530 1606 coeperunt

384 1628 436 1694 At
458 1627 590 1708 Caesar,
614 1628 675 1693 etsi
698 1630 848 1693 nondum
872 1646 987 1692 eorum
1014 1624 1150 1691 consilia
1179 1633 1440 1710 cognoverat&

274 1790 283 1800 .
340 1742 454 1798 tamen
482 1743 517 1798 et
544 1752 588 1798 ex
617 1742 736 1798 eventu
767 1732 902 1799 navium
926 1751 1062 1800 suarum
1087 1739 1122 1795 et
1147 1750 1192 1794 ex
1222 1751 1273 1808 eo,
1298 1729 1390 1814 quod

340 1838 475 1904 obsides
491 1837 571 1902 dare
585 1837 839 1914 intermiserant,
853 1836 925 1903 sore
940 1836 984 1914 id,
996 1837 1087 1918 quod
1102 1834 1232 1912 accidit,
1243 1833 1391 1917 suspiee-

340 1942 446 2008 batur.
494 1942 615 2025 Itaque
644 1941 687 2006 ad
718 1961 835 2006 omnes
860 1959 956 2006 casus
984 1938 1134 2005 subsidia
1163 1939 1418 2020 comparabant

339 2046 430 2111 Nam
446 2055 480 2111 et
495 2044 699 2110 frumentum
715 2065 759 2108 ex
776 2045 866 2128 agris
888 2044 1014 2110 cotidie
1029 2043 1063 2108 iu
1077 2052 1186 2109 castra
1200 2043 1391 2108 conserebat

340 2161 373 2214 et
393 2169 479 2235 quae
498 2149 690 2233 gravissime
707 2146 852 2214 afflictae
870 2157 965 2213 erant
982 2167 1092 2223 naves,
1118 2167 1231 2211 earum
1251 2144 1392 2211 materia

340 2264 441 2338 atque
462 2273 539 2317 aere
556 2253 599 2318 ad
618 2251 762 2335 reliquas
785 2250 981 2317 reficiendas
1003 2252 1160 2317 utebatur
1181 2260 1216 2316 et
1238 2270 1325 2333 quae
1345 2249 1389 2314 ad

340 2378 396 2424 eas
426 2378 478 2422 res
508 2365 601 2421 erant
630 2355 714 2434 usui,
737 2377 782 2422 ex
806 2355 992 2423 continenti
1015 2355 1218 2439 comportari
1244 2354 1389 2420 lubebat

342 2461 469 2546 ltaque,
483 2482 559 2526 cum
581 2481 713 2527 summo
732 2460 846 2527 studio
868 2482 889 2525 a
909 2459 1071 2526 militibus
1093 2459 1419 2535 administraretur,3

340 2579 395 2630 ΧΗ
411 2565 550 2631 nauibus
565 2565 703 2643 amissis,
719 2564 855 2649 reliquis
866 2574 902 2630 ut
914 2564 1064 2650 navigari
1076 2563 1253 2630 commode
1268 2571 1389 2647 posset,

340 2667 459 2735 effecit.
716 2681 721 2692 “

385 2772 477 2837 Dum
514 2792 555 2837 ea
590 2783 757 2857 geruntur,
794 2771 928 2857 legione
967 2792 1013 2836 ex
1050 2773 1288 2837 consuetudine
1324 2780 1446 2836 unane

341 2873 577 2941 frumentatum
605 2879 713 2958 missa,
735 2898 823 2962 quae
846 2876 1081 2960 appellabitur
1106 2877 1259 2961 septima,
1282 2896 1391 2960 neque

341 2979 465 3066 ullaad
482 2981 515 3044 id
533 2990 665 3064 tempus
684 2981 764 3046 belli
784 2981 973 3065 suspicione
995 2968 1200 3064 interposita,
1214 3000 1290 3046 cum
1314 3000 1392 3064 pars

285 3143 291 3157 ,
340 3084 515 3149 hominum
529 3085 563 3147 iu
578 3085 666 3167 agris
681 3095 876 3164 remaneret,
893 3106 968 3168 pars
984 3084 1086 3149 etiam
1107 3084 1142 3148 in
1162 3095 1269 3150 castra
1282 3085 1391 3149 venti-

340 3198 435 3266 taret,
465 3187 498 3266 ii,
526 3187 583 3271 qui
615 3207 676 3271 pro
706 3187 811 3271 portis
839 3199 1021 3262 castrorum
1052 3187 1087 3253 in
1116 3189 1259 3253 statione
1287 3200 1392 3267 erant,

341 3292 474 3358 Caesari
504 3291 737 3358 nuntiaverunt
774 3291 945 3377 pulverem
978 3292 1149 3366 maiorem,
1179 3313 1280 3376 quam
1310 3313 1391 3359 con·

340 3399 481 3463 suetudo
497 3394 605 3475 ferret,
621 3395 655 3460 in
671 3415 711 3461 ea
730 3407 826 3479 parte
839 3396 953 3472 videri,
972 3417 1073 3480 quam
1094 3397 1128 3460 in
1151 3407 1280 3481 partem
1303 3396 1390 3479 legio

341 3503 403 3566 iter
424 3499 565 3565 fecisset.
621 3498 743 3565 Caesar
765 3500 809 3578 id,
830 3501 921 3585 quod
946 3510 1025 3582 erat,
1047 3501 1231 3583 suspicatus
1262 3498 1418 3584 aliquid2

340 3603 417 3670 novi
433 3626 453 3670 a
466 3605 617 3670 barbaris
631 3604 750 3670 initum
766 3604 904 3684 consilii,
916 3603 1077 3678 cohortes,
1088 3625 1175 3686 quae
1188 3604 1223 3667 in
1238 3603 1391 3669 stationi·

341 3708 402 3773 bus
425 3718 529 3787 erant,
552 3729 667 3776 secum
688 3710 818 3776 ineam
841 3717 970 3793 partem
994 3706 1167 3792 proficisci,
1189 3728 1236 3772 ex
1256 3708 1391 3790 reliquis

340 3810 423 3875 duas
438 3812 471 3876 in
487 3813 665 3879 stationem
688 3812 842 3879 cohortes
859 3812 1040 3890 succedere,
1056 3810 1199 3895 reliquas
1215 3811 1336 3877 minari
1356 3820 1391 3876 et

341 3913 515 3981 confestim
547 3937 619 3981 sese
655 3915 811 4000 subsequi
850 3916 954 3983 iussit.
1000 3915 1086 3982 Cum
1123 3915 1223 3999 paulo
1258 3915 1418 3999 longiuss

342 4052 626 4182 ‘ignugtir‘ssmm'
646 4051 749 4103 middle
782 4051 831 4117 Cp.
848 4052 882 4102 vi
902 4065 942 4112 οι,
962 4056 975 4114 ς
995 4066 1011 4117 5
1030 4049 1217 4118 ‘perluuntur't
1239 4050 1281 4101 vii.
1299 4066 1324 4117 5,
1343 4056 1391 4117 Η
