3234 5134
196 647 241 695 ss,
254 643 279 710 ι]
430 642 484 693 nu
508 642 630 695 Βειιο
657 643 825 696 caturco,
876 644 946 694 rra.
976 645 1002 694 ν
1187 651 1245 713 197

196 814 479 888 contempserunt,
499 815 536 870 ut
562 806 741 872 obstructis
763 806 797 870 in
820 806 966 888 speciem
988 805 1094 889 portis
1108 806 1246 890 siugulis

197 909 372 975 ordinibus
396 912 591 994 caespitum,
613 910 703 993 quod
727 930 767 975 ea
790 930 857 974 non
879 929 977 994 posse
1003 910 1246 993 introrumpere

196 1013 403 1096 videbantur,
424 1014 481 1079 alii
502 1015 628 1079 vallum
651 1034 751 1079 manu
773 1015 934 1096 scindere,
949 1014 1005 1079 alii
1028 1013 1133 1080 fossas
1155 1034 1245 1079 com·

166 1143 182 1194 5
198 1118 289 1200 plere
305 1119 495 1202 inciperent
532 1118 620 1183 Tum
636 1117 759 1184 Caesar
773 1119 929 1184 omnibus
944 1118 1051 1201 portis
1071 1118 1246 1201 eruptione
1257 1124 1329 1190 They
1340 1141 1383 1202 are

196 1221 285 1288 facta
304 1224 522 1305 equitatuque
544 1224 665 1288 emisso
682 1222 833 1288 celeriter
854 1221 967 1288 hostes
988 1223 1022 1286 in
1040 1220 1154 1306 fugam
1176 1222 1245 1304 dat,
1257 1192 1344 1320 {2¹3⁶
1353 1189 1414 1240 ”¹¹¹²

196 1327 305 1391 sicuti
320 1328 456 1392 omnino
472 1328 642 1411 pugnandi
657 1346 757 1392 causa
771 1327 937 1394 resisteret
951 1345 1060 1407 nemo,
1073 1346 1246 1411 magnum·
1257 1321 1392 1387 slaughter.

197 1449 264 1512 que
278 1451 323 1494 ex
338 1431 386 1494 eis
400 1450 573 1496 numerum
589 1430 711 1495 occidit
727 1439 829 1512 atque
844 1450 962 1496 omnes
976 1431 1078 1496 armis
1094 1431 1198 1495 exuit.

130 1546 178 1602 52
242 1533 392 1616 Longius
422 1535 576 1617 prosequi
613 1534 747 1614 veritus,
776 1535 868 1617 quod
904 1534 1007 1599 silvae
1043 1533 1246 1617 paludesque
1258 1546 1388 1597 emin

197 1638 448 1704 intercedebant
470 1658 579 1721 neque
603 1639 705 1704 etiam
729 1637 866 1720 parvulo
887 1638 1090 1703 detrimento
1114 1638 1246 1704 illorum
1258 1612 1392 1729 {oseem

198 1742 309 1808 locum
325 1741 464 1824 relinqui
480 1743 626 1818 videbat,
640 1743 796 1807 omnibus
811 1743 880 1808 suis
903 1741 1124 1808 incolumibus
1139 1743 1246 1825 copiis

170 1846 317 1910 neodem
343 1846 398 1911 die
423 1847 466 1911 ad
492 1846 687 1912 Ciceronem
714 1847 872 1930 pervenit
928 1846 1102 1912 Institutas
1131 1857 1247 1926 turres,

198 1951 381 2016 testudines
408 1951 674 2032 munitionesque
702 1949 849 2016 hostium
878 1951 1083 2027 admiratur;
1117 1950 1248 2034 legione

197 2055 360 2138 producta
375 2055 545 2136 cognoscit
560 2073 627 2118 non
642 2055 808 2119 decimum
821 2073 987 2137 quemque
998 2074 1069 2119 esse
1084 2055 1247 2137 reliquum

168 2156 339 2229 smilitem
370 2159 441 2222 siue
470 2157 622 2222 vulnere:
657 2178 702 2223 ex
729 2157 780 2223 his
804 2159 972 2237 omnibus
989 2159 1115 2224 iudicat
1140 2159 1247 2241 rebus

197 2270 325 2344 quanto
355 2281 431 2326 cum
462 2260 608 2344 periculo
640 2269 674 2325 et
703 2271 830 2344 quanta
854 2282 929 2327 cum
953 2263 1076 2328 virtute
1105 2283 1157 2327 res
1181 2264 1248 2328 sint

168 2366 459 2448 4administratae.
504 2365 698 2432 Ciceronem
716 2387 776 2449 pro
792 2367 863 2431 eius
882 2368 1001 2432 merito
1016 2366 1248 2450 legionemque

197 2470 387 2546 collaudat3
409 2471 616 2536 centuriones
639 2471 836 2556 singillatim
863 2471 1079 2555 tribunosque
1104 2472 1247 2537 militum

198 2573 357 2657 appellat,
382 2594 525 2658 quorum
549 2575 718 2658 egregiam
747 2574 847 2640 fuisse
872 2575 1030 2641 virtutem
1055 2576 1248 2641 testimonio

200 2677 368 2744 Ciceronis
386 2688 597 2763 cognoverat.
644 2678 699 2742 De
713 2698 790 2742 casu
807 2678 925 2744 Sabini
941 2688 975 2743 et
992 2676 1114 2743 Cottae
1127 2680 1248 2744 certius

169 2807 183 2858 5
198 2803 242 2847 ex
257 2783 397 2866 captivis
412 2783 593 2866 cognoscit.
640 2782 778 2848 Postero
797 2783 854 2846 die
868 2784 1025 2849 contione
1046 2783 1161 2848 habita
1177 2804 1247 2849 rem

168 2902 184 2954 6
197 2897 327 2971 gestam
343 2888 509 2970 proponit,
526 2886 649 2951 milites
664 2887 853 2951 consolatur
871 2896 905 2951 et
920 2888 1115 2952 confirmat:
1139 2888 1247 2971 ‘quod

197 2992 434 3057 detrimentum
449 2991 547 3074 culpa
562 3000 597 3055 et
612 2992 801 3056 temeritate
813 2990 916 3074 legati
931 2992 975 3056 sit
987 3001 1170 3074 acceptum,
1183 2992 1246 3056 hoc

196 3098 351 3178 aequiore
366 3096 480 3161 animo
489 3092 678 3159 ferundum'
694 3095 804 3174 docet,
820 3094 926 3177 ‘quod
938 3096 1100 3160 beneficio
1110 3097 1247 3160 deorum

198 3200 437 3266 immortalium
453 3210 488 3265 et
501 3200 624 3265 virtute
639 3218 754 3264 eorum
766 3200 905 3281 expiato
916 3199 1130 3264 incommodo
1143 3218 1249 3281 neque

198 3302 349 3369 hostibus
364 3305 493 3369 diutina
513 3302 651 3368 laetatio
667 3322 775 3386 neque
796 3304 878 3388 ipsis
892 3302 1023 3387 longior
1041 3302 1136 3368 dolor
1151 3302 1246 3367 relin-

197 3405 336 3489 quatur!

139 3528 179 3584 53
244 3512 379 3576 Interim
390 3511 433 3575 ad
451 3511 638 3576 Labienum
653 3531 712 3593 per
731 3510 859 3576 Remos
877 3509 1063 3575 incredibili
1078 3509 1247 3574 celeritate

230 3649 271 3697 51.
294 3651 349 3709 Μ
369 3662 409 3698 οι
446 3647 513 3711 Only
530 3646 588 3698 here
610 3646 697 3698 inibe
747 3650 857 3698 tellum.
891 3646 939 3711 Cp
957 3646 974 3695 i.
992 3644 1248 3705 12,§6‘dvecou·

198 3712 281 3763 Gallie
296 3713 366 3773 War,
380 3713 425 3762 bnt
440 3729 479 3763 we
495 3714 559 3762 have
574 3716 622 3762 ‘ea
639 3750 646 3764 .
664 3750 696 3763 ..
746 3713 805 3763 silio
816 3710 935 3762 deornm!

196 3778 338 3844 qua’inC.
349 3779 366 3828 i.
378 3775 419 3841 64,
433 3783 446 3838 ς
459 3792 482 3841 3.
780 3777 1249 3836 os.§1.pornemos.ArLabtenus

230 3847 274 3896 52.
287 3849 301 3906 ς
315 3857 336 3893 1.
354 3859 445 3902 neque
457 3848 552 3905 etiem
563 3847 621 3904 to,
632 3844 697 3893 ‘und
748 3844 836 3892 wesin
848 3843 891 3892 the
904 3843 1047 3907 counbyol
1058 3840 1100 3893 the
1111 3843 1184 3894 Remi
1198 3842 1249 3894 und

196 3909 229 3960 be
239 3911 283 3960 did
297 3917 341 3960 not
357 3925 398 3959 see
413 3909 468 3959 that
483 3910 552 3960 there
562 3925 698 3959 wastoom
748 3925 780 3958 on
797 3910 841 3960 the
854 3908 893 3958 nr
906 3909 959 3958 side
975 3909 1005 3958 ol
1018 3911 1039 3958 it
1057 3910 1108 3973 (see
1126 3914 1192 3973 245
1212 3910 1247 3974 1),

196 3975 241 4027 lest
262 3991 323 4028 even
344 3976 384 4026 lor
404 3991 421 4025 a
445 3975 520 4026 small
544 3984 647 4026 amount
671 3975 701 4025 oi
746 3974 798 4024 this
818 3973 943 4040 probably
959 3989 1044 4024 means
1064 3975 1186 4041 ‘through
1206 3975 1248 4026 the

197 4042 303 4108 &mage
334 4047 361 4091 to
390 4038 476 4092 them!
520 4041 568 4108 Cp.
594 4042 627 4092 vi.
654 4056 697 4104 42,
748 4048 851 4106 country
867 4039 897 4091 ol
908 4040 951 4090 the
968 4037 1113 4101 Remi,’but
1130 4042 1152 4090 lt
1167 4040 1248 4105 might

199 4112 247 4167 μ.
748 4121 822 4158 meuu
846 4106 898 4171 ‘by
923 4106 967 4158 the
993 4105 1083 4169 Remi,’
1110 4106 1162 4157 like
1189 4111 1249 4171 ‘pet

231 4172 281 4232 to.
298 4175 436 4225 bonenuo
451 4176 569 4224 deorum
582 4175 696 4223 immor·
748 4171 990 4225 mercatores'iniv.
1004 4186 1043 4235 rr,
1056 4176 1069 4233 t
1083 4185 1106 4236 5.
