3234 5134
374 594 433 672 164
716 599 746 651 c.
771 599 876 651 marr
891 599 1080 652 cassinis
1336 600 1375 667 [a
1387 585 1423 665 4·-

372 760 599 846 magnitudine
630 780 690 843 per
720 760 851 826 medlos
876 758 962 827 fines
990 761 1211 826 Treverorum
1235 781 1259 825 a
1284 760 1422 825 flumine

372 865 492 930 Rheno
520 865 564 929 ad
594 864 727 931 initium
759 863 941 930 Remorum
971 865 1125 948 pertinet,
1153 864 1279 931 bellum
1304 884 1421 948 parare

372 968 522 1034 instituit.
577 966 645 1034 Sed
676 977 893 1052 posteaquam
931 968 1080 1033 nonnulli
1111 968 1276 1052 principes
1305 987 1350 1032 ex
1381 988 1448 1040 eas

371 1073 507 1139 civitate
526 1081 561 1137 et
578 1071 803 1139 familiaritate
819 1071 1042 1156 Cingetorigis
1063 1073 1201 1138 adducti
1221 1083 1256 1136 et
1274 1073 1419 1137 adventu

291 1163 295 1170 ’
371 1178 476 1242 nostri
498 1177 665 1242 exercitus
688 1176 853 1259 perterriti
876 1176 919 1241 ad
944 1175 1121 1241 Caesarem
1141 1186 1301 1241 venenant
1323 1185 1357 1240 et
1376 1175 1420 1240 de

371 1277 440 1341 suis
467 1276 621 1360 privatim
646 1276 744 1342 rebus
769 1275 813 1340 ab
838 1296 881 1342 eo
905 1286 1018 1360 petere
1046 1285 1237 1360 coeperunt,
1260 1275 1419 1359 quoniam

201 1386 310 1451 reigned
371 1380 497 1446 civitati
522 1381 692 1445 consulere
715 1400 781 1444 non
809 1389 953 1462 possent,
975 1380 1110 1457 veritus,
1131 1401 1173 1444 ne
1198 1381 1241 1445 ab
1266 1379 1420 1444 omnibus

199 1452 348 1568 {ffiflgss
370 1485 583 1563 desereretur,
606 1483 853 1550 Indutiomarus
875 1483 1004 1567 legatos
1025 1484 1069 1547 ad
1094 1483 1268 1550 Caesarem
1296 1483 1418 1548 mittit:

200 1597 290 1633 mame
371 1579 459 1660 ‘serie
482 1590 605 1655 idcinco
629 1590 673 1655 ab
698 1590 767 1654 suis
790 1588 960 1653 discedere
989 1597 1091 1671 atque
1125 1588 1169 1652 ad
1200 1608 1276 1652 eum
1306 1588 1447 1662 veniret

369 1683 521 1769 noluisse,
550 1712 618 1776 quo
646 1692 775 1758 facilius
813 1692 980 1757 civitatem
1016 1692 1050 1756 in
1086 1691 1194 1756 officio
1228 1691 1418 1769 contineret,

370 1817 412 1861 ne
433 1798 542 1863 omnis
565 1795 750 1862 nobilitatis
776 1796 922 1861 discessu
948 1794 1042 1878 plebs
1067 1805 1203 1879 propter
1226 1795 1418 1878 impruden·

368 1902 450 1967 tiam
472 1900 653 1980 laberetur3
685 1901 798 1984 itaque
820 1921 891 1965 esse
911 1900 1081 1966 civitatem
1104 1902 1137 1965 in
1161 1920 1222 1964 sua
1244 1910 1445 1982 potestate?

368 2026 515 2089 seseque,
551 2006 579 2070 si
617 2003 738 2070 Caesar
781 2004 997 2088 permitteret,
1035 2005 1078 2070 ad
1115 2024 1192 2068 eum
1237 2004 1270 2067 in
1310 2013 1418 2070 castra

367 2119 555 2188 venturum,
582 2129 659 2174 suas
694 2108 902 2191 civitatisque
939 2107 1087 2174 fortunas
1123 2109 1194 2173 eius
1227 2107 1306 2172 fidei
1342 2128 1417 2192 per·

367 2212 562 2278 missurum!

410 2317 544 2397 Caesar,
560 2318 622 2383 etsi
646 2316 870 2400 intellegebat,
885 2336 951 2399 qua
973 2316 1016 2381 de
1038 2336 1137 2381 causa
1158 2336 1199 2381 ea
1221 2316 1452 2396 dicerentur,4

365 2441 517 2505 quaeque
532 2443 608 2488 eum
625 2442 677 2488 res
694 2422 738 2486 ab
758 2421 912 2485 instituto
927 2419 1069 2486 consilio
1084 2420 1275 2492 deterreret,
1291 2432 1415 2501 tamen,

366 2547 408 2591 ne
430 2537 592 2593 aestatem
615 2527 648 2590 in
671 2525 825 2590 Treveris
847 2543 1040 2590 consumere
1063 2537 1238 2608 cogeretur
1259 2526 1415 2590 omnibus

365 2632 408 2697 ad
424 2630 651 2697 Britannicum
667 2629 791 2695 bellum
814 2631 911 2696 rebus
926 2629 1135 2712 comparatis,
1151 2629 1414 2696 Indutiomarum

364 2735 407 2798 ad
429 2755 558 2800 secum
578 2747 622 2799 cc
641 2725 814 2800 obsidibus
837 2732 950 2797 venire
970 2732 1074 2797 iussit.
1120 2733 1184 2797 His
1201 2732 1363 2810 adductis,
1380 2734 1413 2797 in
1430 2747 1442 2782 ²

365 2838 405 2902 iis
432 2836 501 2902 filio
533 2838 792 2920 propinquisque
818 2837 889 2902 eius
915 2837 1080 2917 omnibus,
1103 2856 1188 2919 quos
1213 2838 1413 2902 nominatim

364 2950 567 3014 evocaverat,
592 2941 781 3005 consolatus
812 2940 1076 3006 Indutiomarum
1106 2939 1323 3023 hortatusque
1353 2951 1413 3023 est,

364 3045 413 3109 uti
437 3045 471 3109 in
493 3042 603 3109 officio
626 3054 791 3119 maneret3
822 3043 927 3109 nihilo
945 3055 1058 3109 tamen
1078 3044 1185 3109 secius
1208 3046 1442 3128 principibuss

362 3150 582 3216 Treverorum
598 3149 641 3213 ad
656 3170 693 3213 se
708 3148 898 3213 convocatis
919 3147 981 3212 hos
996 3147 1188 3231 singillatim
1206 3147 1412 3235 Cingetorigi

362 3255 562 3329 conciliavit,
577 3255 667 3337 quod
687 3273 763 3318 cum
779 3253 898 3317 merito
920 3252 990 3316 eius
1006 3272 1076 3316 ase
1095 3251 1167 3316 fieri
1188 3254 1411 3337 intellegebat,

362 3372 435 3425 tum
451 3359 562 3442 magni
578 3360 733 3424 interesse
747 3357 970 3421 arbitrabatur
989 3356 1058 3420 eius
1080 3357 1311 3423 auctoritatem
1327 3358 1412 3423 inter

363 3484 439 3528 suos
462 3482 562 3545 quam
586 3460 764 3544 plurimum
786 3459 905 3539 valere,
919 3459 1013 3524 cuius
1035 3469 1104 3524 tam
1127 3462 1295 3545 egregiam
1320 3463 1352 3525 in
1375 3483 1411 3527 se

362 3566 568 3631 voluntatem
585 3564 821 3647 perspexisset.
860 3562 899 3628 Id
916 3563 994 3628 tulit
1010 3562 1134 3630 sactum
1149 3566 1293 3647 graviter
1310 3566 1439 3634 Indu-⁴

362 3670 531 3748 tiomarus,
560 3688 654 3734 suam
679 3668 821 3751 gratiam
847 3668 932 3731 inter
954 3687 1032 3734 suos
1056 3667 1170 3748 minui,
1196 3678 1241 3752 et,
1264 3670 1321 3752 qui
1345 3670 1409 3735 iam

362 3782 440 3837 ante
466 3773 600 3839 inimico
626 3773 659 3836 in
682 3793 743 3837 nos
767 3772 881 3838 animo
905 3770 1030 3851 luisset,
1057 3772 1162 3837 multo
1191 3774 1324 3857 gravius
1347 3773 1410 3838 hoc

362 3875 476 3940 dolore
490 3878 624 3942 exarsit.

194 3993 317 4057 Anmge-
408 3969 473 4043 His
499 3981 596 4045 rebus
619 3980 810 4045 constitutis
834 3977 957 4045 Caesar
980 3981 1023 4046 ad
1049 3990 1181 4063 portum
1207 3980 1309 4045 Itium
1333 3990 1443 4045 cumb

193 4059 327 4109 mm*
363 4081 548 4166 legionibus
574 4084 731 4168 pervenit
780 4084 832 4147 Ibi
859 4085 1030 4167 cognoscit
1056 4097 1107 4149 Lx
1132 4103 1242 4163 naves,
1264 4104 1350 4167 quae
1374 4085 1436 4149 ina
