3234 5134
197 648 223 695 5.
236 644 265 711 6]
432 647 486 699 DE
507 649 630 702 Beato
656 649 824 701 GALLICO.
876 650 947 701 LIB.
977 649 1016 699 VI
1186 655 1247 717 ²⁰9

198 806 297 885 tibus,
334 808 539 893 priusquam·
565 810 598 874 id
635 810 720 875 effici
762 820 885 894 posset,
920 811 1037 875 adesse
1075 809 1328 876 Romanosnutes
1257 836 1399 953 ιιζ

171 913 377 977 enuntiatur.
422 912 618 979 Necessario
651 915 816 981 sententia
853 913 1016 979 desistunt
1052 886 1403 1004 legatosquetffium,l

199 1014 398 1099 deprecandi
430 1038 529 1084 causa
559 1018 602 1082 ad
637 1016 813 1084 Caesarem
847 1018 1006 1097 mittunt;
1034 1020 1157 1084 adeunt
1188 1039 1247 1101 per
1259 1026 1333 1069 mene

170 1138 185 1186 s
201 1119 348 1194 Aeduos,
359 1141 502 1204 quorum
521 1123 703 1206 antiquitus
715 1132 786 1187 erat
801 1123 835 1185 in
851 1120 917 1187 fide
933 1122 1058 1188 civitas.
1088 1122 1248 1188 Libenter

201 1221 325 1288 Caesar
346 1226 536 1309 petentibus
555 1225 685 1291 Aeduis
703 1227 762 1291 dat
781 1226 912 1290 veniam
932 1226 1247 1309 excusationemque

198 1327 328 1410 accipit,
342 1329 432 1412 quod
448 1330 611 1395 aestivum
624 1342 756 1412 tempus
776 1330 927 1395 instantis
946 1329 1032 1410 belli,
1047 1350 1113 1396 non
1128 1350 1246 1413 quaes·

169 1448 186 1494 4
199 1432 300 1495 tionis
315 1452 386 1496 esse
397 1433 629 1498 arbitrabatur.
664 1430 846 1500 Obsidibus
858 1433 1029 1515 imperatis
1041 1444 1173 1498 centum
1185 1433 1246 1497 hos

171 1534 330 1600 sAeduis
352 1536 588 1602 custodiendos
613 1537 725 1604 tradit
771 1538 901 1622 Eodem
930 1537 1092 1604 Carnutes
1118 1537 1247 1623 legatos

200 1641 399 1723 obsidesque
423 1641 561 1706 mittunt
584 1642 635 1705 usi
659 1641 929 1725 deprecatoribus
955 1641 1079 1715 Remis,
1105 1662 1247 1726 quorum

170 1753 293 1809 nerant
308 1744 341 1808 in
356 1743 508 1810 clientela
523 1769 530 1809 :
552 1746 670 1811 eadem
688 1744 796 1810 serunt
813 1764 976 1828 responsa.
1022 1744 1155 1829 Peragit
1169 1766 1247 1810 con·

200 1846 309 1911 cilium
329 1847 451 1913 Caesar
464 1849 658 1934 equitesque
671 1849 813 1934 imperat
827 1848 1023 1915 civitatibus

165 1961 185 2014 5
244 1950 318 2016 Hac
336 1963 430 2036 parte
452 1951 581 2019 Galliae
598 1964 716 2037 pacata
736 1964 827 2019 totus
846 1962 880 2018 et
898 1962 1008 2018 mente
1028 1961 1062 2018 et
1081 1952 1195 2016 animo
1211 1954 1245 2016 in
1258 1970 1349 2021 crem

172 2054 323 2121 ²bellum
344 2056 565 2123 Treverorum
585 2068 620 2123 et
642 2058 848 2139 Ambiorigis
871 2058 1001 2122 insistit
1047 2056 1245 2123 Cavarinum
1258 2033 1331 2100 ΡΜ
1342 2034 1384 2086 ²¹¹⁶

200 2180 277 2225 curn
300 2163 448 2245 equitatu
473 2161 642 2228 Senonum
664 2182 777 2227 secum
799 2160 963 2245 proficisci
985 2162 1086 2240 iubet,
1109 2181 1151 2226 ne
1172 2161 1247 2244 quis
1221 2100 1401 2217 Affinis

199 2274 257 2330 aut
278 2285 321 2329 ex
343 2264 441 2331 huius
460 2266 629 2331 iracundia
649 2275 708 2331 aut
730 2285 775 2329 ex
797 2285 848 2343 eo,
862 2265 952 2348 quod
977 2276 1150 2343 meruerat,
1166 2266 1245 2330 odio

172 2388 186 2438 3
201 2370 343 2433 civitatis
358 2381 469 2435 motus
483 2370 634 2435 exsistat.
676 2368 740 2433 His
755 2372 852 2434 rebus
867 2369 1065 2448 constitutis,
1079 2369 1170 2453 quod
1186 2389 1246 2451 pro

201 2471 377 2556 explorato
403 2474 548 2539 habebat
573 2473 805 2558 Ambiorigem
832 2472 959 2556 proelio
982 2492 1049 2536 non
1072 2493 1144 2538 esse
1166 2492 1245 2537 con·

200 2586 413 2658 certaturum,
426 2578 551 2661 reliqua
572 2577 643 2642 eius
664 2577 800 2641 consilia
822 2577 935 2642 animo
953 2576 1246 2660 circumspiciebat.

170 2677 308 2743 4Erant
330 2679 477 2763 Menapii
503 2681 679 2764 propinqui
701 2682 896 2745 Eburonum
924 2678 1053 2758 finibus,
1079 2682 1247 2765 perpetuis

201 2783 377 2867 paludibus
392 2783 547 2867 silvisque
562 2785 690 2864 muniti,
704 2785 761 2868 qui
782 2785 837 2848 uni
859 2804 903 2847 ex
919 2782 1029 2850 Gallia
1043 2786 1086 2850 de
1105 2805 1188 2869 pace
1202 2786 1246 2850 ad

201 2887 378 2953 Caesarem
404 2888 531 2971 legatos
555 2909 736 2972 numquam
766 2889 934 2954 miserant.
980 2888 1066 2955 Cum
1094 2889 1146 2954 his
1175 2911 1247 2955 esse

199 2991 380 3076 hospitium
395 2992 586 3075 Ambiorigi
600 2993 725 3059 sciebat
740 3014 748 3070 ;
767 2993 848 3056 item
864 3013 923 3075 per
938 2992 1101 3059 Treveros
1118 2995 1246 3059 venisse

171 3095 376 3166 sGermanis
404 3097 439 3160 in
467 3096 644 3161 amicitiam
678 3106 886 3181 cognoverat
941 3096 1036 3161 Haec
1074 3098 1164 3180 prius
1199 3096 1246 3160 illi

201 3202 404 3267 detrahenda
439 3201 564 3265 auxilia
603 3201 828 3277 existimabat,
868 3220 969 3286 quam
1012 3203 1121 3284 ipsum
1157 3199 1247 3265 bello

199 3303 382 3383 lacesseret,
392 3325 435 3369 ne
445 3305 621 3388 desperata
633 3303 740 3369 salute
751 3315 810 3370 aut
825 3325 861 3369 se
876 3305 909 3367 in
921 3304 1094 3388 Menapios
1109 3303 1246 3368 abderet

170 3418 257 3473 naut
276 3429 351 3473 cum
374 3408 635 3473 Transrhenanis
655 3409 812 3493 congredi
834 3418 1015 3493 cogeretur.
1063 3407 1139 3472 Hoc
1161 3406 1414 3487 initosendingrhe

199 3513 334 3577 consilio
360 3513 461 3576 totius
483 3513 649 3577 exercitus
672 3512 912 3596 impedimenta
935 3513 978 3577 ad
1002 3510 1220 3575 Labienum
1211 3531 1289 3605 ιιι,ιιι

198 3616 360 3681 Treveros
375 3617 478 3681 mittit
493 3618 641 3700 duasque
654 3616 800 3700 legiones
814 3617 946 3681 adeum
962 3613 1122 3697 proficisci
1138 3615 1243 3692 iubet3
1258 3619 1352 3685 legions
1363 3628 1390 3670 to

198 3720 269 3804 ipse
284 3741 359 3786 curn
374 3720 558 3804 legionibus
574 3721 741 3805 expeditis
756 3721 903 3803 quinque
918 3719 952 3782 in
975 3719 1149 3803 Menapios
1170 3738 1244 3801 pro·
1235 3664 1403 3802 ffiffi'f

228 3937 530 3998 &memnonia
566 3934 697 3986 Tbisvm
749 3929 846 3982 Rhinel
879 3930 918 3981 ‘C
1013 3930 1247 3984 i'irmoreosten

198 4010 225 4053 to
237 4015 309 4052 come
321 4000 392 4051 later
424 3999 522 4064 See44.
537 4006 586 4061 51.
746 3998 807 4049 used
834 3995 865 4047 ol
888 3996 979 4048 hostie
1003 3996 1064 4049 than
1089 3999 1118 4049 oi
1141 3999 1247 4064 irlendly

230 4073 255 4118 5
280 4072 343 4144 5.
373 4080 438 4116 oum
463 4068 695 4126 mnemia,
746 4063 862 4129 maeting.

198 4137 242 4184 ‘to
255 4131 309 4195 juin
319 4131 380 4182 with
395 4132 437 4183 the
451 4131 541 4198 people
555 4146 638 4183 acron
653 4131 696 4182 the

241 4214 286 4257 ἢ
700 4228 720 4279 u
