3234 5134
223 628 266 675 tn.
280 621 317 689 3.]
479 623 533 675 DE
553 623 678 675 BELLO
703 622 871 677 GALLICO.
922 624 992 676 LIB.
1018 624 1036 675 1
1233 628 1273 692 27

226 784 370 849 Romani
395 805 461 850 non
487 787 590 850 modo
613 786 656 850 de
679 805 793 869 regno,
816 786 875 851 sed
899 785 1000 851 etiam
1027 788 1071 852 de
1096 807 1146 865 ee,
1171 806 1272 869 quam

180 916 212 950 ιο
225 888 357 968 habeat,
368 889 476 973 gratia
486 886 682 974 desperare'
709 889 912 974 Reperiebat
921 891 1024 955 etiam
1036 891 1070 956 in
1083 891 1273 973 quaerendo

228 989 359 1073 Caesar,
381 995 471 1077 quod
493 994 658 1077 proelium
684 1003 838 1076 equestre
861 994 1036 1060 adversum
1058 996 1173 1080 paucis
1194 1004 1273 1060 ante

226 1096 342 1161 diebus
363 1108 452 1163 esset
472 1097 606 1177 factum,
621 1097 752 1162 initium
772 1097 843 1163 eius
865 1097 964 1182 fugae
986 1096 1110 1164 sactum
1127 1120 1148 1163 a
1166 1098 1272 1162 Dum-

226 1201 341 1285 norige
353 1212 455 1284 atque
470 1203 541 1267 eius
556 1201 723 1286 equitibus
733 1198 825 1288 (nam
841 1202 1015 1283 equitatui,
1030 1221 1129 1284 quern
1146 1202 1274 1266 auxilio

227 1300 362 1369 Caesari
388 1305 502 1371 Aedui
528 1305 696 1387 miserant,
720 1306 912 1370 Dumnorix
935 1304 1122 1392 praeerat):
1159 1326 1273 1371 eorum

225 1407 304 1490 luga
318 1408 483 1491 reliquum
499 1430 571 1474 esse
586 1410 772 1492 equitatum
789 1408 1019 1493 perterritum'
1114 1491 1117 1496 ι

171 1528 213 1583 19
270 1510 402 1595 Quibus
417 1515 515 1579 rebus
530 1506 680 1599 cognitis,
696 1533 772 1579 cum
794 1516 838 1578 ad
858 1514 920 1578 has
939 1514 1141 1598 suspiciones
1161 1512 1273 1579 certis·
1286 1532 1418 1583 interview

225 1615 329 1681 simae
365 1638 417 1682 res
454 1619 658 1694 accederent,
696 1619 785 1700 quod
825 1638 885 1702 per
923 1616 1005 1682 fines
1043 1618 1273 1701 Sequanorum
1285 1597 1403 1714 ζίζξξέζ

227 1718 402 1786 Helvetios
430 1722 643 1802 traduxisset,
668 1722 760 1805 quod
791 1723 924 1787 obsides
949 1723 1034 1786 inter
1063 1742 1121 1786 eos
1147 1723 1275 1787 dandos

227 1832 383 1907 curasset,
411 1826 505 1909 quod
541 1847 582 1891 ea
618 1826 731 1890 omnia
768 1846 834 1890 non
864 1827 967 1891 modo
997 1826 1121 1890 iniussu
1151 1845 1213 1890 suo
1241 1836 1275 1889 et

227 1927 379 2006 civitatis,
404 1930 464 1994 sed
490 1928 591 1994 etiam
622 1928 835 1995 inscientibus
864 1930 945 2013 ipsis
973 1929 1110 2004 lecisset,
1135 1928 1225 2011 quod
1255 1948 1276 1991 a

227 2033 422 2117 magistratu
455 2032 651 2098 Aeduorum
688 2043 904 2109 accusaretur,
934 2034 1015 2098 satis
1047 2053 1121 2099 esse
1157 2051 1275 2096 causae

226 2136 458 2216 arbitrabatur,
473 2158 573 2220 quare
594 2137 628 2201 in
648 2157 724 2201 eum
745 2148 805 2203 aut
824 2137 895 2220 ipse
915 2139 1199 2211 animadverteret,
1216 2146 1276 2202 aut

200 2240 396 2312 ‚civitatem
429 2241 691 2307 animadvertere
721 2241 858 2308 iuberet.
903 2242 967 2307 His
995 2241 1148 2306 omnibus
1179 2241 1276 2304 rebus

228 2366 329 2409 unum
359 2345 575 2430 repugnabat,
601 2347 690 2429 quod
722 2346 881 2412 Divitiaci
907 2344 1016 2410 fratris
1045 2365 1211 2409 summum
1242 2345 1276 2409 in

228 2450 388 2533 populum
405 2450 595 2514 Romanum
611 2451 767 2528 studium,
779 2471 946 2516 summam
961 2450 995 2515 in
1010 2470 1047 2514 se
1061 2450 1276 2525 voluntatem,

229 2554 393 2639 egregiam
429 2553 539 2632 fidem,
569 2555 739 2633 iustitiam,
770 2556 1025 2639 temperantiam
1059 2563 1275 2638 cognoverat;

229 2677 317 2735 nam,
347 2678 389 2722 ne
422 2658 492 2723 eius
525 2658 689 2741 supplicio
719 2658 875 2723 Divitiaci
908 2659 1054 2722 animum
1087 2657 1277 2731 offenderet,

202 2762 412 2833 sverebatur.
469 2763 587 2846 Itaque
617 2763 717 2846 prius,
747 2782 848 2846 quam
880 2762 1062 2846 quidquam
1093 2771 1278 2838 conaretur,

264 3006 327 3062 510.
338 3004 625 3062 quodproettnmm.
638 3001 729 3061 ’Τὶιειῑι
776 3002 802 3051 in
819 3000 881 3062 first,
897 2999 947 3050 sud
964 3001 1024 3052 then
1041 3001 1146 3052 referred
1166 3001 1231 3052 back
1250 3010 1278 3052 to

230 3069 308 3117 assor
320 3067 364 3118 the
379 3067 478 3132 cardry
488 3068 571 3120 defeat
583 3067 665 3118 wbinb
680 3066 730 3116 bed
776 3067 854 3117 under
875 3082 891 3116 a
913 3066 1026 3118 different
1047 3066 1111 3117 torm
1132 3066 1163 3118 oi
1187 3067 1276 3117 words

229 3133 305 3183 taken
322 3133 393 3197 place
409 3149 425 3183 a
440 3133 489 3183 lew
501 3134 564 3198 days
579 3133 672 3192 before,
688 3133 730 3183 the
777 3132 841 3182 This
847 3131 933 3182 would
944 3141 988 3183 not
997 3134 1103 3198 surprise
1111 3135 1176 3183 usin
1185 3133 1277 3191 Greek,

230 3197 303 3263 night
313 3198 364 3247 hnd
376 3199 436 3249 been
451 3200 533 3264 begun
545 3199 579 3264 by
590 3200 730 3249 Dumnorix
776 3198 859 3249 botin
871 3199 945 3249 Latin
959 3198 1020 3249 sncb
1033 3198 1140 3251 licences
1151 3215 1194 3250 are
1209 3215 1278 3249 more

230 3263 480 3315 mdhishorsemen!
500 3264 637 3331 ‘proelium
645 3279 729 3331 eques·
776 3266 941 3329 exceptionnl.

231 3328 534 3394 tresdversum'=‘iuga.'
552 3329 731 3397 ‘qnod'seems
810 3335 852 3381 10.
875 3335 888 3389 ς
914 3344 936 3380 ι.
959 3333 1037 3389 qnod
1058 3347 1110 3390 per
1131 3334 1212 3389 finer,
1231 3332 1278 3380 do.

230 3395 290 3444 here
301 3403 328 3445 to
340 3395 370 3444 be
384 3396 427 3446 the
442 3395 544 3446 relative
557 3411 670 3462 pronoun
681 3396 730 3446 and
778 3396 854 3446 From
869 3396 919 3445 this
933 3395 1007 3445 down
1022 3403 1050 3446 to
1063 3395 1245 3446 ‘accusaretur'
1256 3395 1278 3444 is

230 3471 275 3511 not
288 3476 305 3510 a
318 3460 484 3524 oonjunction
518 3462 567 3527 Cp.
579 3460 621 3511 the
636 3461 732 3514 similar
777 3461 940 3528 explanatory
967 3461 997 3511 ol
1028 3460 1192 3511 ‘oertissimae
1224 3459 1279 3511 rea’

232 3527 276 3576 but
303 3542 373 3577 more
393 3527 490 3577 violent
516 3528 683 3590 construction
705 3528 731 3576 ln
777 3527 860 3577 Tbese
880 3530 959 3578 ‘most
978 3526 1121 3576 undoubted
1140 3523 1217 3576 iacts'
1236 3542 1279 3577 are

232 3591 268 3642 H.
281 3602 320 3657 η,
335 3599 348 3652 t
363 3606 376 3641 a
389 3592 474 3643 ‘Servi
488 3592 678 3657 transfugerunt,
688 3593 731 3658 qui
778 3593 804 3642 ln
816 3592 858 3644 the
874 3592 1035 3656 subjunctive,
1047 3591 1152 3641 bedam
1167 3592 1225 3654 they
1236 3607 1278 3641 ere

231 3659 413 3717 nuutimemnt,
428 3675 452 3708 a.
467 3659 491 3707 d.
508 3658 557 3708 111.
572 3659 639 3710 Non.
655 3658 731 3708 Mart.
795 3665 824 3707 ut
840 3657 976 3707 esriesred
992 3656 1025 3720 by
1036 3657 1137 3707 Caesar.
1170 3656 1222 3706 Por
1237 3656 1279 3707 the

232 3724 356 3788 proelium
372 3725 406 3773 sd
422 3723 533 3775 Soncnrn
550 3723 619 3790 quod
638 3724 731 3774 factum
778 3673 887 3800 ionriold
910 3722 1042 3787 repetition
1064 3722 1094 3771 oi
1117 3720 1214 3786 ‘quod,¹
1237 3737 1278 3787 ep.

231 3798 278 3846 est.
303 3804 335 3838 ex
362 3804 393 3840 eo
419 3798 531 3855 tempore
558 3798 653 3839 metum
679 3804 732 3840 esse
778 3803 823 3838 ru.
836 3792 903 3850 Μ
919 3800 941 3838 1.

163 3884 166 3891 ·
232 3853 462 3920 magnum'whicb
476 3871 514 3905 we
531 3855 615 3906 would
632 3870 733 3920 express
812 3868 865 3904 ruo
884 3860 914 3904 et
935 3855 1070 3903 uerutis
1104 3851 1173 3903 ‘Suo
1206 3853 1280 3903 refers

233 3921 266 3983 by
284 3921 373 3986 saying
392 3921 465 3970 ‘that
487 3929 558 3985 great
580 3920 659 3970 slarm
681 3920 733 3969 hsd
778 3926 806 3970 to
823 3916 1071 3981 Csesnr,‘ciritatis’
1086 3925 1113 3967 to
1129 3919 1172 3970 the
1187 3919 1279 3983 Aedui,

232 3986 293 4035 been
301 3986 346 4036 lelt
356 4002 413 4036 ever
420 3987 487 4036 uince
495 3986 538 4036 the
548 3987 592 4051 5tb
600 3987 629 4036 oi
635 3984 731 4041 March,
781 3982 871 4051 ‘ipsis'
883 3985 991 4051 perhaps
1001 3992 1028 4034 to
1040 3984 1111 4035 both.

233 4051 274 4101 the
284 4051 343 4102 dnte
355 4050 434 4101 nithe
444 4052 521 4101 battle
530 4052 559 4102 of
567 4052 672 4103 Serica!
702 4051 732 4100 In
812 4053 890 4109 qnod
899 4087 919 4103 ..
930 4056 1134 4112 mosamius,
1143 4053 1151 4080 ‘
1159 4051 1280 4115 bisbeing

233 4116 294 4167 both
310 4124 437 4169 sentences
455 4132 471 4167 ι
489 4118 583 4183 subject
599 4119 621 4167 is
636 4116 732 4169 thronu
778 4113 898 4169 accur&
