3234 5134
454 605 543 654 20.
571 600 623 667 ι]
942 600 1047 651 DE
1090 599 1338 653 BELLO
1387 601 1729 654 GALLICO,
1825 601 1966 652 LJB.
2026 601 2077 650 V
2440 608 2554 671 175

456 772 683 827 autem
714 772 856 828 erat
885 764 1095 828 acutis
1135 766 1411 829 sudibus
1458 764 1774 848 praefixis
1820 763 2092 842 munita,
2123 763 2554 846 eiusdemque

398 901 432 949 4
455 867 711 949 generis
740 865 865 931 sub
901 888 1073 951 aqua
1102 867 1367 934 defixae
1397 868 1596 933 sudes
1629 868 1899 934 flumine
1928 869 2344 952 tegebantur.
2425 868 2555 932 His

457 971 653 1034 rebus
698 972 977 1055 cognitis
1019 993 1061 1037 a
1100 974 1380 1056 captivis
1424 973 1844 1058 perfugisque
1892 970 2139 1038 Caesar
2183 972 2551 1056 praemisso

398 1104 427 1154 5
455 1074 754 1156 equitatu
829 1074 1177 1141 confestim
1254 1076 1545 1162 legiones
1609 1077 1921 1158 subsequi
1980 1076 2187 1140 iussit.
2280 1074 2416 1141 Sed
2474 1097 2555 1141 ea

456 1179 792 1244 celeritate
821 1190 1022 1262 atque
1053 1201 1133 1245 eo
1165 1181 1419 1265 impetu
1453 1179 1694 1246 milites
1727 1181 1962 1259 ierunt,
1983 1201 2136 1245 cum
2168 1181 2385 1264 capite
2408 1178 2554 1245 solo

455 1302 545 1346 ex
588 1303 762 1366 aqua
800 1294 1161 1358 exstarent,
1204 1296 1278 1350 ut
1330 1285 1556 1351 hostes
1600 1285 1922 1368 impetum
1968 1282 2307 1368 legionum
2351 1293 2553 1367 atque

456 1386 756 1468 equitum
802 1388 1123 1453 sustinere
1167 1410 1299 1454 non
1344 1397 1619 1473 possent
1664 1388 1974 1472 ripasque
2018 1388 2427 1467 dimitterent
2476 1408 2552 1453 ac

454 1509 527 1553 se
556 1487 752 1572 fugae
783 1492 1193 1558 mandarent.

347 1599 427 1655 10
549 1591 1100 1677 CassivellaunuS‚
1152 1608 1226 1663 ut
1277 1618 1477 1682 supra
1528 1595 2144 1674 demonstravimus,
2196 1596 2376 1660 omni
2436 1598 2552 1662 de·
2578 1611 2825 1663 Cassivel-

456 1697 676 1778 posita
747 1718 867 1781 spe
940 1702 1395 1781 contentioniS,
1455 1701 1745 1767 dimissis
1819 1700 2249 1783 amplioribus
2322 1699 2549 1783 copiis,
2576 1678 2760 1821 ὲᾞῗέζζ

459 1799 721 1865 milibus
779 1803 1037 1868 circiter
1094 1815 1411 1888 quattuor
1470 1805 1947 1871 essedariorum
2006 1804 2267 1884 relictis,
2317 1804 2550 1867 itinera
2578 1808 2769 1886 Fabjan

457 1915 680 1970 nostra
731 1908 1034 1974 servabat
1088 1909 1490 1993 paulumque
1536 1930 1626 1974 ex
1672 1908 1782 1973 via
1828 1908 2196 1973 excedebat
2259 1906 2551 1990 locisque
2574 1882 2764 1926 “³¹⁰⁸‘'

459 2007 796 2090 impeditis
827 2031 904 2075 ac
929 2011 1334 2077 silvestribus
1364 2033 1506 2079 sese
1528 2013 1910 2078 occultabat
1934 2021 2138 2094 atque
2171 2011 2250 2075 iis
2270 2010 2551 2095 regioni-

458 2111 599 2190 bus,
643 2115 884 2197 quibus
929 2136 1050 2181 nos
1098 2117 1223 2181 iter
1264 2119 1554 2184 facturos
1599 2128 2017 2201 cognoverat,
2064 2136 2307 2199 pecora
2350 2124 2553 2198 atque

404 2239 429 2274 2
457 2218 758 2283 homines
788 2239 878 2282 ex
908 2221 1083 2304 agris
1114 2222 1178 2285 in
1208 2222 1407 2286 silvas
1437 2221 1884 2305 compellebat
1917 2229 2004 2299 et,
2034 2240 2187 2285 cum
2219 2208 2553 2301 equitatus

457 2328 684 2385 noster
718 2322 984 2387 liberius
1025 2326 1388 2408 praedandi
1421 2326 1859 2407 vastandique
1900 2344 2099 2389 causa
2134 2343 2207 2386 se
2251 2324 2321 2386 in
2353 2344 2552 2406 agros

459 2424 759 2503 eiecerat,
806 2428 1114 2492 omnibus
1172 2429 1297 2495 viis
1358 2430 1531 2494 notis
1582 2429 1988 2510 semitisque,
2036 2427 2404 2492 essedarios
2463 2448 2552 2492 ex

457 2527 635 2593 silvis
671 2532 1017 2598 emittebat
1062 2542 1130 2597 et
1163 2554 1408 2617 magno
1438 2553 1591 2598 cum
1635 2531 1922 2616 periculo
1964 2540 2340 2596 nostrorum
2370 2531 2553 2613 equi-

460 2644 604 2697 tum
652 2653 804 2698 cum
851 2635 929 2700 iis
983 2636 1377 2721 confligebat
1423 2648 1629 2720 atque
1682 2636 1812 2701 hoc
1861 2644 2040 2700 metu
2089 2634 2287 2700 latius
2329 2636 2556 2718 vagari

405 2766 434 2815 3
462 2736 875 2819 prohibebat.
919 2739 924 2744 ’
969 2738 1509 2824 Relinquebatur,
1532 2751 1605 2805 ut
1638 2760 1850 2823 neque
1881 2739 2142 2823 longius
2170 2737 2257 2803 ab
2287 2739 2555 2823 agmine

462 2841 800 2924 legionum
844 2843 1094 2908 discedi
1145 2844 1391 2910 Caesar
1438 2854 1796 2928 pateretur,
1837 2853 1905 2907 et
1946 2852 2212 2907 tantum
2260 2842 2329 2906 in
2381 2843 2555 2927 agris

455 2947 795 3012 vastandis
875 2946 1323 3031 incendiisque
1403 2947 1715 3014 faciendis
1804 2947 2109 3013 hostibus
2191 2956 2556 3022 noceretur,

459 3061 783 3130 quantum
830 3051 1059 3115 labore
1104 3062 1305 3135 atque
1351 3052 1583 3117 itinere
1617 3051 1963 3135 legionarii
2012 3050 2253 3116 milites
2298 3048 2555 3115 efficere

457 3163 786 3235 poterant.

332 3274 422 3329 20
552 3256 823 3322 Interim
848 3257 1312 3337 Trinobantes,
1333 3279 1539 3342 prope
1563 3257 1937 3324 firmissima
1959 3277 2185 3323 earum
2211 3259 2552 3341 regionum
2579 3273 2888 3326 Submission

458 3360 707 3438 civitas,
739 3381 828 3424 ex
858 3382 991 3444 qua
1036 3362 1548 3429 Mandubracius
1582 3363 1969 3429 adulescens
2012 3361 2309 3427 Caesaris
2349 3359 2551 3425 fidem
2576 3339 2755 3456 ἒίἷῃῖξξ

458 3473 722 3529 secutus
762 3467 849 3530 ad
898 3487 1050 3530 eum
1096 3467 1163 3530 in
1209 3467 1659 3533 continentem
1706 3466 1994 3531 Galliam
2038 3473 2327 3541 venerat,
2369 3466 2552 3529 cuius
2579 3471 2767 3523 bantes.

460 3577 651 3650 pater
700 3570 765 3631 in
819 3590 898 3633 ea
941 3570 1210 3635 civitate
1271 3590 1548 3655 regnum
1607 3570 1985 3636 obtinuerat
2045 3568 2555 3652 interfectusque

524 3776 611 3822 19.
638 3776 663 3831 5
696 3787 739 3822 1.
775 3788 962 3830 supra.
1018 3783 1093 3838 17,
1122 3779 1147 3834 5
1175 3788 1221 3837 5.
1555 3774 1656 3823 and
1675 3781 1786 3839 part
1803 3773 1861 3824 of
1873 3773 2169 3823 Middlesex.
2220 3773 2306 3822 ‘In
2324 3772 2554 3824 “trino-'⁸

528 3841 555 3897 5
585 3853 628 3888 2.
662 3842 769 3889 hoo
792 3845 967 3900 metu,
989 3841 1005 3867 ‘
1023 3840 1088 3904 by
1110 3841 1215 3890 sear
1244 3839 1303 3889 of
1319 3838 1454 3890 this!
1555 3855 1633 3889 we
1664 3855 1796 3890 seem
1830 3847 1888 3889 to
1917 3839 2044 3889 bave
2077 3838 2162 3888 the
2196 3837 2370 3888 Welnh
2416 3840 2555 3889 word

462 3903 556 3970 cp.
572 3903 692 3953 Sall.
707 3904 822 3969 Jug.
840 3917 919 3967 54,
941 3908 967 3963 ὁ
992 3904 1024 3953 6
1049 3908 1063 3931 ‘
1081 3921 1141 3955 ea
1163 3904 1451 3956 formidIne’
1556 3905 1686 3965 trin,
1724 3922 1755 3955 a
1791 3904 1951 3955 battle
1989 3920 2048 3953 or
2083 3904 2282 3954 conflict
2314 3940 2328 3954 .
2359 3939 2371 3953 .
2398 3940 2411 3953 .
2446 3905 2557 3955 The

472 3993 514 4011 -=
528 3974 543 3999 ⁴
557 3971 663 4019 eius
692 3970 764 4020 rei
797 3969 1091 4032 formidine:
1116 3971 1215 4021 and
1237 3987 1295 4021 so
1317 3986 1455 4021 com·
1556 3970 1724 4020 whole
1756 3971 1894 4019 word
1933 3973 1967 3997 ‘⁸
1983 3969 2308 4020 Trinovantes
2323 3967 2351 3990 '⁹
2385 3970 2556 4020 would

463 4035 637 4100 monly
658 4037 710 4084 in
733 4035 897 4085 Latin.
1558 4035 1675 4085 then
1698 4051 1842 4086 mean
1876 4035 2274 4087 battle-stabbers
2296 4051 2355 4086 or
2375 4036 2554 4086 battle·

525 4105 616 4152 20.
645 4107 670 4162 5
699 4114 741 4151 1.
778 4104 1173 4152 wrinobsnten.
1221 4101 1283 4152 In
1303 4102 1456 4154 Ensex
1558 4099 1809 4167 spearers!
1876 4100 2031 4167 Rhys.
