3234 5134
216 613 264 660 8⁰.
277 606 305 677 7]
460 606 513 658 DE
536 606 660 663 nmo
685 606 853 660 GALLICO.
905 607 978 660 LIB.
1002 607 1021 659 1
1228 616 1269 680 43

217 769 377 857 quoniam
410 769 459 835 M.
491 768 646 849 Messala,
676 769 726 837 M.
757 768 878 839 Pisone
906 770 1099 838 consulibus
1135 780 1268 836 senatus

216 875 408 953 censuisset,
424 874 482 953 uti,
494 875 697 959 quicumque
712 872 855 939 Galliam
874 876 1075 959 provinciam
1092 876 1266 948 obtineret,

217 978 308 1061 quod
324 980 503 1046 commodo
512 978 715 1061 reipublicae
722 979 828 1049 facere
838 989 961 1065 posset,
972 979 1267 1045 Aeduosceteros-

216 1102 285 1166 que
310 1084 437 1149 amicos
463 1083 580 1170 populi
608 1082 753 1151 Romani
784 1081 985 1161 defenderet,
1008 1103 1044 1149 se
1071 1083 1265 1149 Aeduorum

214 1186 351 1252 iniurias
366 1207 432 1252 non
446 1185 692 1274 neglectumm.¹

142 1310 193 1364 ³6
260 1289 320 1356 Ad
336 1291 418 1357 haec
434 1291 628 1357 Ariovistus
650 1289 840 1375 respondit:
861 1290 933 1375 ‘ius
952 1309 1024 1357 esse
1042 1289 1131 1367 belli,
1148 1300 1193 1369 ut,
1209 1293 1266 1374 qui
1280 1296 1401 1375 Replyos

216 1394 382 1474 vicissent,
411 1395 463 1479 iis,
493 1415 580 1477 quos
616 1395 779 1470 vicissent,
812 1396 1096 1477 quemadmodum
1132 1395 1266 1473 vellent,
1279 1363 1426 1414 Anonstue

216 1501 438 1583 imperarent:
476 1500 556 1593 iterp
586 1498 749 1584 populum
780 1499 971 1563 Romanurn
999 1500 1095 1563 victis
1125 1499 1193 1564 non
1222 1503 1266 1566 ad

214 1602 352 1669 alterius
374 1605 622 1691 praescriptum,
643 1604 703 1669 sed
726 1603 768 1667 ad
791 1622 888 1667 suurn
910 1602 1081 1670 arbitrium
1105 1603 1267 1686 imperare

186 1726 401 1772 aconsuesse.
445 1706 484 1774 Si
506 1709 577 1793 ipse
599 1706 724 1791 populo
748 1707 904 1771 Romano
928 1727 995 1773 non
1021 1707 1265 1791 praescriberet,

213 1811 498 1895 quemadmodum
528 1832 590 1877 suo
620 1812 689 1876 iure
719 1820 873 1887 uteretur,
903 1831 970 1875 non
1005 1820 1159 1894 oportere
1192 1832 1266 1879 sese

185 1936 237 1994 μ
258 1917 384 1999 populo
406 1916 564 1982 Romano
586 1915 620 1980 in
643 1936 705 1981 suo
727 1916 797 1981 iure
820 1915 983 1999 impediri.
1029 1914 1167 1979 Aeduos
1189 1915 1264 1994 sibi,

215 2021 373 2103 quoniam
396 2018 475 2085 belli
497 2020 664 2085 fortunam
683 2027 904 2105 temptassent
924 2028 959 2083 et
976 2019 1084 2084 armis¹
1096 2020 1264 2102 congressi

184 2143 255 2200 4ac
279 2124 426 2207 superati
448 2133 569 2203 essent,
589 2124 822 2208 stipendiarios
844 2143 917 2188 esse
943 2120 1057 2188 iactos.
1102 2122 1263 2205 Magnam

215 2226 392 2292 Caesarem
417 2227 569 2293 iniuriam
594 2226 711 2303 iacere,
737 2228 794 2311 qui
821 2246 883 2292 suo
912 2227 1059 2292 adventu
1087 2226 1264 2310 vectigalia

184 2329 276 2400 ssibi
303 2332 468 2399 deteriora
494 2329 625 2397 iaceret.
669 2328 801 2396 Aeduis
830 2350 866 2394 se
896 2329 1029 2395 obsides
1058 2330 1262 2396 redditurum

213 2455 284 2501 non
310 2455 391 2513 esse,
414 2455 522 2519 neque
543 2436 582 2500 iis
604 2453 713 2517 neque
734 2453 848 2499 eorum
874 2434 973 2498 sociis
995 2433 1114 2500 iniuria
1140 2434 1262 2500 bellum

213 2538 393 2616 illaturum,
413 2540 440 2604 si
462 2538 497 2607 in
518 2560 559 2603 eo
580 2546 761 2613 manerent,
783 2538 873 2623 quod
902 2538 1120 2615 convenisset,
1141 2540 1264 2621 stipen-

213 2644 373 2728 diumque
387 2642 566 2727 quotannis
581 2642 763 2725 penderent
772 2663 783 2716 ς
811 2639 838 2704 si
854 2639 887 2704 id
903 2660 970 2706 non
990 2640 1152 2719 iecissent,
1165 2641 1266 2727 longe

181 2748 254 2812 siis
276 2746 458 2813 iratemum
486 2765 607 2813 nornen
633 2740 749 2831 populi
776 2744 922 2809 Romani
942 2743 1120 2811 aiutumm.
1165 2745 1265 2831 Quod

213 2852 276 2919 sibi
300 2850 423 2917 Caesar
442 2849 652 2917 denuntiaret
672 2868 710 2915 se
728 2847 925 2913 Aeduorum
944 2847 1078 2914 iniurias
1098 2870 1164 2913 non
1182 2869 1263 2934 neg·

212 2957 385 3033 lecturum,
400 2954 566 3021 neminem
581 2973 692 3020 secum
706 2952 779 3018 sine
797 2973 858 3017 sua
879 2952 1023 3043 pernicie
1045 2956 1263 3022 contendisse.

181 3058 300 3126 7Cum
324 3057 435 3139 vellet,
461 3058 730 3143 congrederetur:
761 3054 1014 3137 intellecturum,
1039 3058 1121 3142 quid
1150 3060 1262 3152 invicti

214 3162 384 3238 Germani,
400 3162 666 3231 exercitatissimi
690 3161 723 3226 in
744 3161 855 3239 armis,
872 3162 929 3246 qui
948 3162 1032 3228 inter
1050 3182 1158 3229 annos
1176 3178 1262 3228 X1111

214 3277 339 3333 tectum
355 3287 423 3331 non
437 3262 611 3345 subissent,
628 3267 751 3331 virtute
766 3263 921 3350 possent?

246 3448 288 3497 Π.
305 3449 436 3505 Horam,
459 3448 498 3498 H.
517 3446 623 3497 Pisone
649 3458 713 3495 oon·
763 3443 877 3495 reflexive
904 3460 1016 3510 prououn
1049 3444 1123 3496 refers
1155 3452 1183 3494 to
1210 3452 1261 3495 two

212 3515 333 3565 snlibnr.
369 3521 425 3561 nc.
438 3508 478 3561 61.
516 3509 671 3561 Caesarum
687 3509 713 3560 in
763 3509 877 3561 different
894 3510 1007 3574 subjecta
1041 3510 1127 3561 Belou
1144 3510 1170 3558 in
1187 3509 1261 3568 §dit

212 3578 267 3629 that
277 3593 362 3645 years
381 3576 485 3642 pointed
496 3584 523 3627 to
537 3575 580 3627 the
597 3575 713 3642 province
762 3575 838 3625 refers
848 3584 876 3626 to
886 3576 994 3626 three-‘
1003 3573 1066 3625 sibi'
1078 3585 1106 3625 to
1113 3575 1260 3635 Ariovistus,

212 3642 355 3697 oiFurther
363 3593 538 3709 §prinupro
556 3650 645 3691 metor.
764 3639 822 3691 ‘se'
835 3647 862 3691 to
874 3638 1099 3702 ereaturam
1111 3639 1260 3692 toAriovis·

246 3706 488 3769 quod‘soiaraa'
520 3657 713 3771 agurium
761 3705 1249 3770 tusegaiu,and‘sua’to‘nemioem.'

212 3781 241 3825 to
252 3772 368 3838 ‘quoad’
378 3772 418 3823 ior
428 3771 510 3825 which
525 3787 595 3825 rome
604 3788 713 3839 suppose
797 3777 846 3834 35.
862 3786 961 3833 noque,
979 3774 1026 3821 ‘on
1044 3773 1087 3824 the
1104 3772 1177 3823 other
1193 3772 1261 3823 hand

193 3840 200 3875 ⁸
211 3839 268 3891 that
278 3840 298 3890 it
310 3839 332 3890 is
343 3855 358 3888 ι
369 3839 530 3891 contractiori.
762 3837 792 3891 he
804 3835 888 3887 would
899 3837 962 3889 not)

244 3907 581 3963 oommodoraipnblioaa.
611 3904 712 3956 Acom-
793 3906 952 3953 murnum
971 3920 1076 3956 noman
1092 3906 1192 3965 populi
1204 3907 1259 3956 Bo·

211 3987 271 4023 mon
283 3970 397 4024 formula.
433 3970 481 4038 Cp.
497 3987 521 4021 v.
537 3969 579 4037 qd,
597 3974 610 4033 ξ
626 3987 662 4035 4:
679 3971 710 4021 vi.
760 3971 847 4030 mani,
859 3971 866 3995 ‘
876 3967 919 4017 the
929 3984 1003 4021 name
1013 3970 1043 4021 oi
1055 3971 1167 4023 brothers
1178 3978 1205 4022 to
1216 3973 1260 4023 the

210 4042 315 4105 asra·
760 4034 860 4086 Rom
872 4034 978 4103 monle!
1012 4037 1176 4104 Cora-ra·

243 4107 352 4171 ³644
368 4104 552 4156 mo...s1bi.
587 4099 709 4154 Heretbe
877 4150 883 4164 ,
