3234 5134
180 678 209 725 8.
220 674 249 740 6]
415 677 469 729 DE
490 678 614 730 BELLO
639 678 808 731 caturco.
860 678 932 729 ΗΒ.
962 677 1001 727 VI
1172 682 1230 726 211

181 849 219 904 ut
258 862 302 906 ex
336 862 458 926 magno
496 840 669 907 Gallorum
703 841 853 924 equitum
886 863 1023 908 numero
1057 843 1234 910 nonnullos

149 944 321 1011 8Gallicis
342 947 440 1012 rebus
462 945 572 1011 favere
596 956 714 1011 natura
740 947 892 1029 cogebat.
938 946 1107 1013 Labienus
1132 959 1231 1014 noctu

182 1051 325 1115 tribunis
355 1049 499 1114 militum
523 1049 705 1135 primisque
730 1050 901 1115 ordinibus
927 1053 1125 1126 convocatis,
1151 1052 1231 1136 quid

183 1154 235 1218 sui
256 1154 299 1219 sit
318 1151 454 1231 consilii,
469 1153 626 1239 proponit
641 1163 685 1231 et,
699 1173 768 1238 quo
788 1152 915 1218 facilius
935 1155 1085 1221 hostibus
1104 1156 1233 1222 timoris

184 1259 242 1323 det
258 1259 491 1341 suspicionem,
505 1259 628 1323 maiore
639 1258 779 1341 strepitu
793 1267 827 1323 et
838 1257 992 1335 tumultu,
1001 1279 1102 1343 quam
1118 1260 1233 1346 populi

186 1362 331 1428 Romani
347 1363 410 1428 sert
424 1365 638 1439 consuetudo,
653 1372 762 1428 castra
779 1364 903 1428 moveri
921 1363 1021 1429 iubet.
1057 1363 1122 1429 His
1134 1368 1233 1432 rebus

151 1465 283 1551 ssugae
306 1465 447 1532 similem
470 1467 710 1552 prosectionem
733 1466 850 1531 effecit.
896 1467 991 1533 Haec
1018 1478 1152 1552 quoque
1174 1490 1231 1552 per

184 1568 413 1654 exploratores
428 1581 505 1636 ante
519 1571 627 1636 lucem
637 1572 670 1635 in
681 1580 776 1637 tanta
790 1571 1039 1656 propinquitate
1051 1583 1232 1638 castrorum

185 1677 228 1739 ad
245 1674 357 1739 hostes
373 1674 572 1741 defemntur.

148 1791 170 1845 8
227 1778 297 1842 Vix
317 1799 437 1862 agmen
457 1779 670 1844 novissimum
687 1788 785 1844 extra
801 1780 1000 1845 munitiones
1021 1789 1232 1864 processerat,
1274 1783 1279 1792 '

185 1901 261 1947 cum
285 1882 373 1948 Galli
392 1877 556 1949 cohortati
573 1883 660 1949 inter
680 1905 724 1961 se,
739 1884 802 1948 ‘ne
821 1893 987 1966 speratam
1008 1884 1166 1968 praedam
1188 1905 1233 1948 ex

187 1987 338 2052 manibus
363 1987 589 2066 dimitterent3
617 1985 754 2071 longum
777 2008 849 2052 esse
871 1987 1051 2070 perterritis
1072 1988 1233 2053 Romanis

184 2088 426 2156 Germanorum
441 2090 603 2155 auxilium
619 2101 823 2173 exspectare,
839 2111 946 2175 neque
965 2112 1059 2156 suam
1075 2091 1143 2174 pati
1159 2092 1232 2175 dig·

183 2195 331 2272 nitatem,
346 2205 383 2258 ut
398 2195 501 2260 tantis
516 2195 618 2278 copiis
633 2206 703 2260 tam
718 2197 876 2278 exiguam
892 2215 1027 2260 manum
1042 2195 1233 2279 praesertim

186 2296 370 2382 fugientem
386 2308 487 2381 atque
502 2298 696 2383 impeditam
713 2299 834 2364 adoriri
849 2320 915 2364 non
929 2295 1095 2373 audeant‚’
1111 2297 1234 2363 flumen

184 2402 323 2466 transire
338 2412 371 2466 et
386 2402 498 2486 iniquo
514 2403 588 2469 loco
599 2403 804 2469 committere
815 2403 975 2487 proelium
991 2422 1058 2467 non
1069 2403 1232 2467 dubitant.

157 2530 170 2565 α
188 2504 283 2589 Quae
306 2506 376 2571 lore
397 2508 584 2592 suspicatus
608 2507 785 2584 Labienus,
807 2518 847 2573 ut
868 2528 982 2572 omnes
1006 2507 1088 2572 citra
1109 2506 1232 2571 flumen

184 2609 325 2685 eliceret,
334 2612 451 2676 eadem
461 2632 538 2676 usus
547 2611 756 2677 simulatione
767 2612 892 2677 itineris
903 2610 1033 2694 placide
1045 2613 1232 2695 progredie-

154 2730 172 2784 ,3
185 2715 290 2779 batur.
337 2715 425 2780 Tum
448 2718 634 2799 praemissis
655 2715 790 2799 paulum
813 2715 1060 2799 impedimentis
1082 2726 1182 2800 atque
1200 2716 1233 2780 in

184 2818 314 2883 tumulo
329 2820 475 2902 quodam
490 2820 670 2898 collocatis,
680 2817 843 2896 ‘habetis'
853 2819 1121 2903 inquit,‘milites,
1131 2839 1232 2903 quam

185 2923 324 3007 petistis,
340 2921 550 2988 facultatem:
573 2924 705 2989 hostem
725 2924 886 3007 impedito
904 2933 1005 3008 atque
1025 2925 1138 3008 iniquo
1158 2924 1233 2989 loco

156 3051 172 3100 4
186 3029 305 3093 tenetis
318 3054 326 3107 ;
350 3037 518 3111 praestate
532 3031 671 3094 eandem
688 3030 782 3093 nobis
797 3030 936 3095 ducibus
950 3030 1118 3108 virtutem,
1132 3050 1233 3112 quam

185 3152 423 3216 saepenumero
441 3133 631 3216 imperatori
655 3133 875 3214 praestitistis,
890 3143 990 3217 atque
1007 3132 1099 3198 illum
1118 3135 1234 3198 adesse

158 3246 220 3312 set
249 3238 330 3301 haec
361 3257 472 3302 coram
502 3257 635 3301 cernere
665 3233 874 3303 existimate!
930 3237 1037 3302 Simul
1067 3238 1160 3319 signa
1189 3239 1232 3301 ad

186 3339 316 3405 hostem
339 3341 487 3406 converti
507 3341 679 3424 aciemque
699 3342 795 3424 dirigi
820 3341 911 3407 iubet
934 3350 968 3405 et
988 3341 1101 3424 paucis
1117 3341 1235 3405 turmis

186 3443 351 3527 praesidio
377 3447 419 3510 ad
447 3446 685 3530 impedimenta
706 3446 849 3510 dimissis
876 3445 1020 3528 reliquos
1042 3444 1168 3527 equites
1190 3445 1234 3509 ad

159 3554 174 3605 6
188 3547 290 3614 latera
305 3549 460 3631 disponit.
506 3549 666 3616 Celeriter
686 3550 789 3614 nostri
805 3549 949 3615 clamore
970 3546 1101 3612 sublato
1116 3547 1184 3630 pila
1201 3547 1235 3612 in

220 3715 275 3774 57.
299 3717 402 3761 nature
420 3714 546 3770 nocebat.
582 3711 629 3775 Cp.
647 3711 681 3761 lii.
734 3709 811 3775 ready
822 3719 850 3760 to
860 3726 928 3761 cross
939 3710 982 3761 the
992 3706 1072 3759 river!

187 3781 289 3839 10,§3.
769 3780 782 3835 ς
811 3778 835 3826 ό,
871 3779 938 3834 pus„
984 3774 1040 3824 The
1068 3771 1186 3839 ‘pilum'
1213 3775 1234 3826 is

217 3848 245 3892 8.
260 3848 272 3901 ς
288 3856 309 3890 1.
326 3857 391 3892 oum
407 3844 551 3901 oculeo.
585 3839 683 3893 ‘Gelli'
734 3840 863 3892 described
875 3843 906 3905 by
916 3840 1035 3905 vegetius
1047 3840 1077 3901 (i.
1090 3853 1130 3900 ao,
1142 3840 1190 3891 and
1206 3841 1233 3891 ii.

186 3908 208 3958 is
218 3907 312 3972 subject
322 3915 349 3957 to
361 3910 427 3957 ‘non
441 3905 571 3969 dubitant}
582 3908 630 3957 and
648 3907 683 3956 all
737 3908 779 3970 15)
792 3923 820 3956 as
831 3923 847 3956 ι
857 3906 949 3957 missile
959 3921 1063 3971 weepon
1072 3905 1131 3955 with
1143 3905 1234 3957 ashrst

185 3974 295 4025 between
313 3973 333 4022 it
349 3974 397 4023 and
413 3972 518 4023 ‘flumen
534 3972 684 4023 transire'is
735 3972 821 4023 osche
836 3971 921 4037 length
937 3972 966 4021 ol
980 3970 1187 4049 5lleetheeded
1201 3973 1234 4032 by

185 4039 371 4105 parenthetical.
406 4038 537 4104 ‘Scarcely
564 4039 613 4089 had
641 4037 684 4088 the
735 4054 751 4086 n
771 4037 825 4088 thiu
845 4037 980 4103 triangular
999 4051 1053 4086 rron
1075 4036 1156 4095 blade,
1175 4038 1233 4086 nine

185 4120 239 4154 rear
247 4106 275 4155 ol
281 4103 322 4154 the
332 4103 430 4155 column
470 4104 577 4155 oceeded
586 4104 683 4168 beyond
735 4104 820 4155 ioehee
842 4119 871 4154 or
892 4119 908 4153 ι
930 4105 985 4154 foot
1006 4103 1075 4166 long.
1110 4102 1191 4152 When
1213 4103 1233 4151 it

185 4170 228 4221 the
246 4170 309 4222 lines
328 4170 413 4222 before
431 4119 474 4221 tffe
492 4170 596 4220 Gaulo.
617 4206 624 4220 .
643 4184 685 4219 are
736 4184 798 4221 onoe
825 4169 898 4234 fairly
925 4168 1018 4235 lodged
1045 4166 1114 4219 itsell
1138 4167 1164 4218 in
1192 4167 1234 4219 the

679 4267 735 4320 1³2
