3234 5134
265 704 269 715 ι
339 620 381 702 5⁸
685 633 713 686 c
739 634 836 687 roan
858 634 1047 689 caasxnrs
1283 636 1343 704 [sa
1356 651 1389 703 5-

171 1631 264 1680 Caesar

170 1694 315 1745 establishet

171 1777 186 1808 n
198 1758 289 1810 second

171 1840 252 1889 camp.

172 3091 228 3140 The
239 3090 292 3140 first

173 3157 243 3219 day’s
254 3156 325 3220 light·

174 3222 217 3298 ing
228 3221 297 3271 inde·

173 3302 255 3338 crsrre.

340 794 426 868 simi,
448 813 533 876 quos
555 814 600 858 ex
623 794 715 859 omni
738 795 837 879 copia
858 795 979 880 singuli
1001 795 1150 881 singulos
1171 815 1252 861 suae
1272 795 1388 862 salutis

340 917 440 963 causa
459 897 669 982 delegerant:
692 919 767 964 cum
788 900 841 964 his
860 900 894 965 in
914 900 1047 984 proeliis
1061 901 1285 966 versabantur.
1330 899 1418 965 Ado

340 1021 397 1067 eos
419 1020 456 1065 se
474 1002 604 1083 equites
622 1001 844 1086 recipiebant3
866 1004 911 1079 hi,
931 1004 959 1068 si
980 1004 1059 1087 qnid
1080 1014 1150 1070 erat
1170 1005 1295 1083 durius,
1310 1024 1388 1069 con·

340 1105 525 1182 currebant,
537 1107 564 1170 si
576 1106 633 1188 qui
648 1107 798 1189 graviore
808 1106 945 1173 vulnere
959 1119 1097 1192 accepto
1108 1128 1196 1190 equo
1210 1109 1389 1184 deciderat,

340 1209 646 1288 circumsistebant;
676 1209 704 1276 si
732 1231 800 1293 quo
824 1222 896 1277 erat
920 1211 1052 1298 longius
1077 1213 1306 1296 prodeundum
1330 1221 1417 1280 autl

340 1312 479 1378 celerius
509 1313 742 1398 recipiendum,
772 1326 866 1381 tanta
895 1327 967 1382 erat
1000 1316 1119 1382 horum
1151 1316 1390 1382 exercitatione

339 1417 500 1495 celeritas,
522 1426 560 1481 ut
582 1417 669 1482 iubis
693 1437 854 1501 equorum
879 1419 1042 1486 sublevati
1066 1441 1197 1488 cursum
1221 1406 1388 1502 adaequa·

340 1530 423 1587 rent.

386 1625 456 1690 Ubi
471 1645 547 1690 eum
563 1625 677 1691 castris
692 1646 728 1690 se
744 1636 856 1692 tenere
877 1625 1000 1693 Caesar
1019 1626 1196 1706 intellexit,
1210 1647 1251 1692 ne
1265 1627 1390 1692 diutius
1406 1631 1450 1687 40

341 1738 531 1794 commeatu
553 1728 792 1813 prohiberetur,
815 1731 901 1796 ultra
922 1750 999 1797 eurn
1024 1730 1145 1807 locum,
1167 1751 1235 1814 quo
1258 1731 1292 1795 in
1315 1731 1390 1797 loco

342 1831 502 1899 Germani
525 1835 750 1912 comederant
771 1834 902 1900 circiter
924 1854 1041 1918 passus
1063 1844 1239 1900 sexcentos
1260 1835 1304 1899 ab
1327 1834 1390 1913 his,

341 1937 458 2002 castris
479 1937 635 2003 idoneum
658 1937 768 2001 locum
790 1938 915 2022 delegit
933 1939 1068 2021 acieque
1087 1938 1216 2022 triplici,
1229 1938 1390 2002 instructa

341 2041 384 2107 ad
412 2062 488 2107 eum
515 2040 625 2107 locum
649 2042 749 2106 venit
794 2041 938 2106 Primam
962 2051 998 2107 et
1023 2043 1203 2107 secundam
1227 2041 1332 2106 aciem
1355 2042 1416 2104 ina

341 2149 442 2213 armis
463 2166 544 2226 esse,
564 2146 697 2213 tertiam
717 2154 824 2211 castra
847 2147 974 2211 munire
996 2147 1098 2211 iussit.
1144 2146 1209 2212 Hic
1229 2146 1323 2210 locus
1344 2146 1418 2211 abs

341 2251 438 2317 hoste
460 2252 589 2315 circiter
610 2270 727 2335 passus
748 2260 935 2328 sexcentos,
958 2252 1006 2315 uti
1029 2251 1155 2317 dictum
1182 2260 1242 2327 est,
1263 2248 1388 2315 aberat.

344 2355 396 2420 Eo
422 2354 552 2420 circiter
575 2354 747 2419 hominum
772 2374 911 2420 numero
935 2354 1080 2420 sedecim
1108 2354 1201 2419 milia
1231 2354 1389 2436 expedita

341 2479 417 2525 cum
433 2458 525 2524 omni
540 2459 689 2540 equitatu
704 2457 895 2524 Ariovistus
910 2458 1011 2539 misit,
1027 2479 1112 2541 quae
1127 2458 1244 2543 copiae
1259 2467 1389 2523 nostros

342 2571 561 2647 perterrerent
589 2571 624 2627 et
654 2562 837 2628 munitione
866 2563 1086 2646 prohiberent·
1142 2562 1255 2627 Nihilo
1284 2562 1419 2628 secius4

343 2667 474 2745 Caesar,
483 2677 521 2733 ut
531 2676 609 2732 ante
620 2668 844 2745 constituerat,
853 2668 937 2732 duas
948 2668 1036 2733 acies
1047 2666 1178 2732 hostem
1190 2664 1389 2750 propulsare,

342 2773 475 2838 tertiam
497 2791 583 2854 opus
606 2770 763 2854 perficere
786 2771 891 2836 iussit.
937 2771 1076 2837 Munitis
1098 2773 1213 2836 castris
1234 2772 1317 2836 duas
1343 2771 1419 2839 ibis

342 2874 491 2957 legiones
507 2874 640 2956 reliquit
649 2884 683 2939 et
695 2884 824 2957 partem
836 2875 1035 2940 auxiliorum
1048 2899 1056 2953 3
1073 2886 1232 2958 quattuor
1246 2875 1389 2957 reliquas

341 2978 375 3041 in
391 2986 500 3042 castra
514 2979 640 3043 maiora
655 2980 796 3044 reduxit

386 3081 545 3147 Proximo
570 3082 623 3146 die
647 3081 800 3147 instituto
825 3104 887 3148 suo
914 3082 1078 3148 Caesare
1103 3084 1218 3150 castris
1240 3084 1445 3166 utrisqueoo

342 3187 456 3269 copias
478 3206 555 3250 suas
576 3184 695 3251 eduxit
718 3185 921 3269 paulumque
935 3207 957 3251 a
971 3186 1150 3252 maioribus
1172 3187 1289 3252 castris
1311 3208 1389 3273 pro·

342 3310 473 3376 gressus
494 3291 599 3355 aciem
626 3289 793 3362 instruxit,
816 3290 969 3355 hostibus
991 3292 1161 3375 pugnandi
1187 3300 1390 3375 potestatem

343 3396 430 3461 fecit
476 3395 545 3460 Ubi
560 3402 688 3459 netum
704 3393 840 3475 quidem
855 3414 913 3459 eos
928 3394 1059 3479 prodire
1073 3394 1248 3471 intellexit,
1263 3397 1392 3461 circiter
1406 3419 1419 3454 2

344 3501 517 3566 meridiem
541 3498 724 3565 exercitum
751 3498 785 3562 in
809 3509 916 3563 castra
946 3499 1090 3563 reduxit.
1135 3499 1223 3563 Tum
1254 3500 1390 3564 demum

344 3603 533 3668 Ariovistus
548 3613 676 3688 partem
691 3621 825 3667 suarum
845 3601 1026 3687 copiarum,
1041 3622 1126 3684 quae
1141 3613 1248 3668 castra
1264 3603 1392 3669 minora

343 3716 562 3790 oppugnaret,
581 3707 680 3773 misit.
709 3705 843 3773 Acriter
860 3707 1027 3789 utrimque
1038 3726 1143 3789 usque
1157 3708 1199 3772 ad
1215 3728 1390 3790 vesperum

343 3821 528 3893 pugnatum
561 3820 622 3877 est.
677 3808 766 3876 Solis
795 3831 914 3877 occasu
951 3832 1028 3876 suas
1059 3812 1173 3898 copias
1204 3810 1419 3886 Ariovistus3

378 4048 439 4111 56.
460 4055 487 4102 sl
508 4056 568 4112 qul.
614 4053 669 4103 The
690 4053 835 4105 distinction
892 4053 1102 4131 ‘qui’adjectiral
1119 4054 1180 4104 does
1190 4059 1234 4103 not
1245 4052 1306 4103 bold
1318 4051 1390 4103 when

345 4119 454 4169 between
487 4117 564 4184 'quis’
597 4119 761 4170 substantive}
785 4119 835 4170 sod
892 4117 1076 4185 ‘n'preoedes.
1109 4117 1373 4184 Cpsi13‚§§6,9.
