3234 5134
175 615 216 662 81.
233 609 260 676 1]
401 609 455 661 DE
477 609 600 661 BELLO
626 608 794 661 GALLJco.
847 609 918 660 Lm.
949 608 1002 659 VII
1165 614 1225 678 305

175 770 343 855 disposito,
358 782 405 848 ut,
418 771 447 837 si
467 791 548 836 usus
566 771 686 850 veniat,
700 790 798 836 suum
821 769 959 855 quisque
981 769 1091 836 locum
1112 778 1225 835 teneat
1237 773 1383 890 ‘wls

176 885 211 940 et
224 875 360 951 noverit,
375 875 560 959 equitatum
581 895 626 938 ex
646 875 761 940 castris
781 875 876 939 educi
897 886 931 939 et
951 875 1112 956 proelium
1132 855 1339 970 com-1⁸25&
1384 846 1395 888 ι

149 980 264 1044 ιωίῑῖί
280 978 380 1043 iubet.
425 978 509 1043 Erat
538 1000 582 1042 ex
612 979 766 1043 omnibus
792 980 918 1059 castris,
942 999 1028 1062 quae
1057 998 1224 1043 summum

176 1084 323 1167 undique
336 1083 450 1165 iugum
465 1084 633 1160 tenebant,
647 1082 833 1165 despectus,
848 1092 950 1169 atque
969 1102 1085 1147 omnes
1104 1082 1226 1148 milites

148 1188 295 1270 3intenti
326 1206 459 1272 pugnae
487 1195 683 1269 proventum
714 1187 967 1268 exspectabant.
1022 1185 1111 1252 Galli
1142 1188 1227 1252 inter

176 1292 305 1374 equites
334 1311 425 1355 raros
451 1289 639 1373 sagittarios
664 1290 909 1372 expeditosque
935 1289 1016 1354 levis
1038 1300 1227 1356 armaturae

177 1396 416 1470 interiecerant,
431 1396 487 1477 qui
506 1396 574 1458 suis
593 1393 787 1459 cedentibus
807 1393 935 1458 auxilio
955 1404 1177 1476 succurrerent
1192 1406 1226 1461 et

176 1509 363 1564 nostrorum
386 1498 533 1580 equitum
557 1499 702 1582 impetus
724 1498 931 1563 sustinerent.
976 1497 1034 1561 Ab
1059 1498 1112 1563 his
1134 1520 1225 1564 com·

147 1634 164 1681 4
177 1604 287 1688 plures
302 1604 345 1668 de
360 1602 541 1687 improviso
555 1601 717 1667 vulnerati
733 1601 861 1684 proelio
876 1602 1094 1667 excedebant.
1140 1603 1225 1669 Cum

177 1729 255 1772 suos
276 1727 389 1792 pugna
410 1706 595 1790 superiores
617 1726 690 1770 esse
708 1705 795 1770 Galli
815 1704 1017 1770 confiderent
1041 1715 1075 1770 et
1097 1717 1226 1772 nostros

179 1810 390 1877 multitudine
411 1810 516 1895 premi
540 1808 698 1884 viderent,
721 1830 765 1873 ex
787 1811 942 1875 omnibus
967 1810 1117 1894 partibus
1139 1818 1174 1874 et
1195 1811 1226 1884 ii,

180 1916 236 1997 qui
259 1915 498 1978 munitionibus
521 1914 784 1990 continebantur,
803 1923 838 1977 et
860 1913 905 1992 hi,
920 1915 976 1998 qui
999 1915 1042 1978 ad
1065 1912 1226 1978 auxilium

179 2028 408 2095 convenerant,
432 2017 576 2082 clamore
605 2028 639 2082 et
668 2016 795 2083 ululatu
825 2038 959 2083 suorum
990 2018 1118 2082 animos
1147 2038 1227 2083 con·

150 2123 365 2189 sfirmabant.
411 2120 512 2205 Quod
536 2121 569 2184 in
592 2132 772 2205 conspectu
799 2123 948 2187 omnium
975 2143 1026 2186 res
1050 2123 1227 2206 gerebatur

179 2247 285 2309 neque
301 2235 388 2290 recte
403 2246 442 2289 ac
458 2226 597 2307 turpiter
612 2224 736 2290 factum
751 2226 850 2290 celari
866 2236 1005 2309 poterat,
1020 2235 1178 2310 utrosque
1191 2236 1226 2291 et

179 2331 287 2395 laudis
302 2330 466 2412 cupiditas
483 2339 518 2394 et
536 2331 635 2393 timor
652 2329 854 2413 ignominiae
872 2331 915 2395 ad
929 2331 1084 2396 virtutem
1100 2331 1226 2395 exeita-

150 2434 247 2499 obat.
296 2432 380 2498 Cum
411 2455 431 2497 a
461 2433 597 2497 meridie
626 2453 729 2517 prope
758 2435 801 2498 ad
831 2433 910 2497 solis
938 2455 1092 2500 occasum
1122 2435 1226 2499 dubia

178 2538 317 2603 victoria
346 2548 557 2621 pugnaretur,
588 2536 745 2602 Germani
782 2557 848 2603 una
884 2538 916 2602 in
950 2548 1043 2621 parte
1073 2537 1227 2604 consertis

178 2643 296 2707 turmis
312 2642 347 2705 iu
367 2641 479 2705 hostes
500 2643 663 2724 impetum
678 2641 825 2705 lecerunt
845 2661 970 2724 eosque
989 2641 1227 2726 propulerunt;

178 2747 297 2830 quibus
321 2746 355 2809 in
379 2746 492 2828 lugam
516 2745 676 2810 coniectis
699 2745 861 2828 sagittarii
887 2746 1100 2812 circumventi
1127 2747 1226 2813 inter-

152 2851 319 2934 tiectique
335 2858 420 2913 sunt.
469 2849 554 2914 Item
571 2869 615 2913 ex
630 2848 764 2931 reliquis
785 2848 934 2932 partibus
954 2849 1057 2915 nostri
1071 2851 1226 2916 cedentes

179 2975 282 3038 usque
305 2954 348 3018 ad
373 2962 481 3018 castra
506 2954 644 3017 insecuti
666 2955 716 3017 sui
742 2953 918 3037 colligendi
943 2954 1134 3021 facultatem
1159 2976 1226 3019 non

150 3059 347 3134 edederunt
396 3055 446 3121 At
477 3057 508 3135 ii,
538 3059 595 3140 qui
625 3058 668 3121 ab
697 3057 815 3121 Alesia
844 3067 1079 3140 processerant,
1111 3060 1227 3124 maesti

178 3183 282 3246 prope
296 3161 435 3224 victoria
450 3160 624 3245 desperata
639 3181 674 3224 se
690 3161 723 3225 in
739 3161 901 3246 oppidum
917 3171 1118 3246 receperunt.

128 3283 167 3338 al
224 3265 302 3330 Uno
332 3265 387 3328 die
416 3264 600 3329 intermisso
627 3264 713 3329 Galli
742 3275 844 3349 atque
870 3264 933 3328 hoc
963 3267 1072 3347 spatio
1102 3286 1225 3349 magno
1237 3279 1287 3329 und
1295 3278 1355 3330 theu

178 3370 327 3447 cratium,
351 3368 521 3444 scalarum,
545 3368 773 3452 harpagonum
801 3389 939 3433 numero
968 3367 1089 3434 effecto
1115 3370 1226 3435 media
1237 3346 1270 3409 ΒΥ
1281 3345 1360 3411 Ψ

210 3526 256 3571 80.
272 3526 322 3585 59.
339 3524 374 3570 ab
384 3523 488 3571 Alesia
523 3520 578 3570 The
592 3536 635 3569 use
651 3520 681 3570 ol
728 3519 789 3583 only
798 3518 842 3568 the
853 3519 1059 3586 neighbourhood
1070 3521 1100 3571 of
1106 3520 1148 3571 the
1159 3530 1226 3572 town

179 3588 241 3637 ‘ab’
257 3586 318 3635 with
338 3587 380 3635 the
397 3602 471 3636 name
489 3586 519 3634 oi
535 3604 550 3635 a
568 3596 636 3635 town
656 3587 678 3635 is
728 3585 750 3634 is
760 3585 865 3636 referred
875 3593 902 3636 to
910 3586 963 3636 will
972 3593 1015 3636 not
1023 3587 1094 3637 stand
1102 3588 1226 3638 examinu-

177 3653 289 3716 frequent
301 3652 325 3699 in
338 3651 409 3715 Livy,
420 3667 472 3715 eg.
484 3651 557 3701 xxvii.
573 3650 632 3708 16,t
646 3664 676 3714 15
725 3651 786 3701 tion.

178 3721 185 3745 ⁴
195 3719 338 3782 priusquam
345 3717 499 3780 egrederetur
505 3719 537 3766 ab
545 3715 664 3766 Tarento'
670 3733 678 3776 ;
760 3720 803 3765 81.
812 3722 825 3777 ς
835 3728 858 3766 1.
867 3718 1226 3832 hamsgonuququppliug.

182 3796 220 3847 η,
245 3788 257 3842 5
281 3784 296 3832 8
320 3781 367 3831 ‘ab
388 3782 529 3832 Tarracone
552 3797 677 3846 egressus:
727 3779 824 3831 hooks'
857 3783 887 3833 C.
906 3784 924 3833 i.
941 3792 981 3848 57,
1001 3787 1014 3842 5
1034 3787 1073 3832 a‘
1110 3785 1225 3835 imanus

179 3848 284 3898 redierat
294 3847 327 3897 ab
338 3846 436 3897 Romu!
471 3847 583 3925 1⁰43&
598 3861 611 3910 5
627 3847 678 3896 und
727 3847 1058 3963 lerreasstquebqqngones
1064 3848 1225 3926 paraveraut‘

180 3912 376 4028 5qqh5‘1dpsqeqad
385 3911 560 4028 ⁸?‚Gefssgwfff
571 3911 678 3978 coupled
727 3912 816 4026 lilleget.
828 3928 854 3963 u.
869 3918 920 3978 25‘
955 3916 1012 3965 abet
1029 3914 1119 3980 (legio)
1136 3916 1226 4004 ferreos,

178 3994 307 4095 fluat
329 3980 678 4094 2⁰i3‘millr0.·'¹¹lr²e⁴'1lel
728 3980 1224 4109 Tttt‘tffiut¹¹t.l¹¹l⁰{.5.tt⁰t

178 4111 232 4161 that
252 4109 295 4160 the
313 4110 466 4175 prepositiou
483 4109 506 4159 is
526 4109 587 4159 used
606 4108 676 4159 when
727 4107 786 4160 fare.
821 4108 875 4159 Liv.
887 4126 943 4160 xxx.
958 4125 997 4173 10,
1011 4118 1023 4172 t
1039 4111 1070 4163 16
1081 4113 1225 4164 ‘Postremo

222 4190 265 4238 *²¹²
685 4207 712 4257 x
