3234 5134
171 644 216 694 ar.
229 637 256 705 3]
408 639 462 690 os
485 638 607 691 astro
633 638 801 691 caturco.
854 637 925 690 rra.
955 640 981 687 ν
1163 645 1222 709 193

173 800 236 864 bus
263 821 314 865 res
344 801 388 865 ad
420 803 622 885 paucitatem
652 800 865 867 defensorum
894 811 1099 885 pervenerat,
1125 812 1221 867 tanto
1235 815 1343 881 brought
1353 823 1382 866 to

173 904 352 969 crebriores
374 903 504 971 litterae
526 907 698 989 nuntiique
720 906 763 970 ad
780 905 958 971 Caesarem
982 903 1220 986 mittebantur3
1234 883 1335 935 caeru

173 1028 314 1091 quorum
341 1029 418 1093 pars
439 1010 644 1093 deprehensa
666 1010 700 1073 in
723 1019 904 1094 conspectu
927 1020 1113 1076 nostrorum
1137 1009 1222 1075 mili-

142 1124 246 1177 ztum
261 1133 337 1178 cum
359 1114 506 1179 cruciatu
527 1114 717 1179 necabatur.
764 1113 847 1179 Erat
868 1133 954 1178 unus
970 1114 1059 1178 intus
1081 1115 1223 1179 Nervius

173 1217 307 1282 nomine
330 1217 476 1299 Vertico,
492 1218 568 1284 loco
590 1227 688 1281 natus
710 1218 864 1292 honesto,
880 1218 937 1300 qui
961 1238 981 1281 a
1004 1219 1113 1301 prima
1134 1219 1223 1284 obsi·

172 1321 274 1385 dione
293 1321 335 1385 ad
353 1321 548 1387 Ciceronem
567 1322 755 1404 perfugerat
774 1340 937 1403 suamque
957 1321 988 1386 ei
1010 1321 1109 1387 fidem
1128 1341 1222 1406 prae-

142 1425 313 1490 astiterat.
360 1426 426 1491 Hic
445 1447 541 1491 servo
557 1447 617 1510 spe
639 1426 803 1491 libertatis
828 1427 1023 1509 magnisque
1046 1428 1224 1509 persuadet

142 1528 338 1611 4praemiis,
356 1538 393 1593 ut
415 1528 542 1596 litteras
563 1530 607 1595 ad
633 1528 809 1594 Caesarem
832 1529 969 1595 deserat
1016 1528 1090 1595 Has
1112 1531 1167 1594 ille
1190 1531 1224 1594 in

174 1632 281 1695 iaculo
307 1632 450 1716 illigatas
477 1633 571 1699 effert
595 1643 629 1698 et
657 1632 774 1699 Gallus
799 1634 887 1698 inter
911 1632 1029 1699 Gallos
1055 1635 1127 1697 sine
1156 1632 1224 1699 ulla

144 1735 359 1819 ssuspicione
379 1749 529 1803 versatus
550 1740 594 1804 ad
618 1737 794 1803 Caesarem
821 1738 980 1821 pervenit.
1035 1736 1096 1803 Ab
1117 1757 1158 1803 eo
1182 1740 1226 1803 de

174 1839 325 1923 periculis
348 1839 516 1906 Ciceronis
539 1842 743 1925 legionisque
765 1843 985 1925 cognoscitur.

108 1944 154 1998 46
220 1942 343 2008 Caesar
371 1945 515 2029 acceptis
544 1944 661 2010 litteris
686 1945 769 2010 hora
796 1946 924 2009 circiter
948 1960 989 2011 XI
1016 1946 1081 2011 diei
1108 1946 1223 2012 statim
1236 1952 1363 2003 Marna

174 2048 327 2113 nuntium
365 2049 399 2112 in
436 2048 629 2115 Bellovacos
665 2050 708 2113 ad
745 2048 793 2112 M.
826 2048 982 2115 Crassum
1011 2062 1222 2133 quaestorem
1234 2017 1393 2135 {eh-{ioppe

175 2152 288 2232 mittit,
303 2153 396 2219 cuius
411 2153 549 2218 hiberna
567 2155 706 2218 aberant
721 2155 765 2217 ab
782 2173 824 2216 eo
841 2152 931 2217 milia
949 2173 1107 2238 passuum
1123 2169 1222 2233 xxv3
1234 2152 1353 2216 garram

147 2276 159 2311 2
174 2258 267 2322 rubet
282 2258 392 2323 media
407 2267 504 2322 nocte
520 2257 684 2342 legionem
707 2256 871 2340 proficisci
889 2258 1103 2341 celeriterque
1124 2258 1167 2322 ad
1187 2278 1224 2323 se

146 2362 294 2430 svenire.
340 2362 424 2425 Exit
439 2381 515 2427 cum
535 2365 653 2427 nuntio
674 2361 822 2426 Crassus
866 2360 1023 2427 Alterum
1041 2364 1084 2428 ad
1101 2362 1223 2428 Gaium

175 2465 319 2529 Fabium
334 2464 481 2547 legatum
497 2468 610 2544 mittit,
627 2473 663 2530 ut
682 2466 715 2529 in
730 2466 945 2530 Atrebatium
961 2466 1042 2530 fines
1059 2466 1223 2549 legionem

146 2570 331 2651 redducat
340 2589 409 2652 qua
417 2571 480 2635 sibi
491 2571 554 2636 iter
562 2571 750 2637 laciendum
759 2571 895 2635 sciebat.
927 2569 1050 2635 Scribit
1062 2571 1222 2645 Labieno,

174 2673 202 2737 si
225 2673 272 2737 rei
293 2673 448 2756 publicae
470 2677 648 2740 commodo
670 2675 777 2740 lacere
798 2683 924 2757 posset,
939 2694 1015 2739 curn
1036 2675 1165 2758 legione
1179 2676 1222 2741 ad

176 2774 259 2841 fines
285 2778 485 2843 Nerviorum
514 2781 632 2844 veniat
688 2778 866 2861 Reliquam
890 2789 1020 2860 partem
1050 2781 1224 2857 exercitus,

175 2883 265 2963 quod
293 2881 395 2966 paulo
417 2883 534 2947 aberat
558 2882 697 2966 longius,
720 2902 787 2947 non
812 2894 910 2966 putat
939 2886 1223 2968 exspectandam
1273 2907 1278 2918 ’

175 2988 302 3069 equites
334 2987 462 3053 circiter
497 2988 761 3070 quadringentos
797 3006 842 3050 ex
879 2989 1041 3071 proximis
1078 2987 1223 3053 hibernis

175 3090 309 3177 colligit.

117 3204 158 3262 47
220 3195 315 3260 Hora
351 3194 481 3261 circiter
516 3195 613 3259 tertia
650 3196 693 3260 ab
730 3195 995 3260 antecursoribus
1032 3196 1075 3260 de
1113 3195 1222 3260 Crassi

176 3299 320 3364 adventu
336 3299 457 3363 certior
471 3297 577 3364 factus
593 3319 633 3364 eo
649 3299 704 3364 die
719 3298 812 3364 milia
826 3320 984 3381 passuum
997 3313 1050 3363 xx
1064 3300 1224 3382 procedit.

151 3402 334 3467 rCrassum
357 3403 612 3467 Samarobrivae
639 3401 788 3487 praeficit
812 3403 1043 3486 legionemque
1064 3402 1223 3482 attribuit,

177 3509 265 3589 quod
288 3507 334 3571 ibi
358 3506 597 3589 impedimenta
619 3508 793 3580 exercitus,
815 3507 950 3572 obsides
971 3506 1154 3586 civitatum,
1169 3505 1223 3571 lit·

177 3620 264 3675 teras
279 3610 427 3695 publicas
449 3611 719 3693 frumentumque
739 3629 847 3688 omne,
862 3612 952 3694 quod
973 3631 1014 3675 eo
1032 3610 1224 3675 tolerandae

151 3715 292 3784 ahiemis
307 3734 406 3778 causa
421 3716 615 3794 devexerat,
629 3715 847 3797 relinquebat.
885 3715 1017 3797 Fabius,
1032 3727 1069 3779 ut
1084 3716 1224 3798 impera·

208 3880 326 3938 46151.
345 3880 434 3929 abeo.
468 3877 679 3929 Caesarhlmsell
758 3881 802 3930 47.
834 3882 901 3937 §a
934 3880 1095 3927 tolerandae
1121 3880 1225 3928 hiemis

177 3957 281 4008 appears
300 3951 327 3994 to
347 3943 411 3993 bave
431 3944 494 3994 been
516 3949 544 3993 at
561 3943 675 3994 Samam-
726 3957 818 3993 ausa
854 3942 910 3992 The
927 3958 996 3993 same
1014 3943 1103 4008 phrase
1124 3944 1145 3992 is
1163 3943 1224 3994 ared

177 4007 251 4061 briva.
280 4011 328 4074 Cp
340 4011 443 4072 Ἧι
457 4014 564 4073 47,;§2
579 4014 676 4088 53,.§3
727 4007 948 4074 byHirtius(vlii
961 4022 984 4072 5,
998 4009 1225 4075 §r)olhnrrledly

209 4078 265 4138 §3
289 4078 477 4125 Atrebatium.
513 4076 543 4126 In
561 4076 613 4126 viii
632 4085 674 4140 47,
727 4074 886 4125 comtrnned
907 4073 1040 4140 buildings
1073 4074 1120 4161 Cp.
1142 4075 1159 4127 l.
1185 4076 1224 4136 2⁸,

178 4143 226 4200 μ,
237 4155 295 4205 geu.
306 4140 363 4208 pl‘
371 4140 537 4193 Atrebatum.
729 4142 789 4204 §3⁴
796 4155 848 4206 quo
858 4141 950 4191 famem
959 4138 1099 4191 tolerarent
