3234 5134
357 1087 426 1150 qno
455 1088 575 1132 novem
605 1070 770 1154 oppositis
798 1070 987 1154 legionibus
1016 1075 1231 1157 maximoque
1256 1075 1420 1158 eqrritatu

356 1171 1418 1262 dispersisacpaenedeletishoerruusinmilrbuspasuum

356 1275 462 1341 tribus
480 1277 602 1343 offendi
626 1289 747 1361 posset,
766 1280 914 1363 quinque
935 1281 1090 1347 cohortes
1111 1280 1357 1347 frumenmum
1381 1286 1418 1347 in

357 1380 527 1463 proximas
542 1391 672 1464 segetes
687 1383 797 1454 mittit,
805 1404 891 1467 quas
904 1385 990 1449 inter
1003 1397 1038 1450 et
1047 1396 1157 1451 castra
1170 1407 1256 1451 unus
1267 1388 1418 1452 omnino

357 1485 451 1548 collis
477 1486 640 1551 intererat
685 1485 883 1571 Complures
911 1500 1006 1554 erant
1031 1509 1077 1554 ex
1106 1489 1291 1576 legionibus
1317 1492 1444 1574 aegris

357 1588 483 1666 relicti3
505 1610 550 1653 ex
573 1590 694 1674 quibus
715 1591 772 1673 qui
794 1593 859 1656 hoc
880 1593 991 1675 spatio
1011 1594 1139 1658 diemm
1161 1594 1417 1672 oonvaluerant,

357 1693 486 1758 circiter
499 1707 576 1768 ccc,
587 1694 651 1758 sub
664 1693 789 1759 verrillo
803 1716 870 1761 una
885 1697 1077 1774 mittuntur3
1098 1718 1221 1782 magna
1233 1709 1416 1781 praeterea

357 1797 536 1863 multitudo
565 1797 730 1872 calonum,
759 1820 880 1885 magna
916 1803 966 1866 vis
994 1802 1226 1877 iumentorum,
1255 1779 1344 1885 qr'rae
1376 1806 1414 1868 in

356 1902 470 1966 castris
492 1901 715 1979 subsederant,
738 1900 827 1967 lacta
848 1914 1016 1986 potestate
1036 1906 1194 1988 sequitur.

402 2004 479 2069 Hoc
495 2005 568 2087 ipso
579 2013 728 2087 ternpore
738 2013 773 2070 et
784 2026 865 2071 casu
876 2005 1034 2072 Germani
1046 2007 1176 2091 equites
1185 2010 1411 2073 interveniunt
1423 2025 1462 2077 ar

356 2108 570 2193 protinusque
583 2107 701 2172 eodem
716 2107 782 2186 illo,
791 2130 859 2193 quo
873 2122 1041 2186 venerant,
1050 2131 1147 2177 cursu
1160 2113 1205 2178 ab
1219 2112 1410 2176 decumam

356 2223 452 2297 porta
475 2213 509 2276 in
532 2221 641 2276 castra
663 2212 843 2296 irrumpere
864 2226 1033 2291 conantur,
1050 2236 1111 2281 nec
1134 2217 1223 2301 prius
1243 2226 1321 2281 sunt
1344 2218 1437 2280 visin

356 2315 496 2381 obiectis
510 2314 555 2379 ab
569 2337 609 2380 ea
623 2327 718 2400 parte
732 2317 832 2393 silvis,
843 2338 945 2401 quam
960 2320 1077 2385 castris
1091 2320 1409 2404 appropinquarent,

355 2440 460 2503 usque
481 2439 523 2483 eo
545 2428 592 2498 ut,
613 2420 671 2502 qui
692 2420 756 2485 sub
779 2421 868 2485 vallo
894 2423 1065 2489 tenderent
1093 2433 1299 2502 mercatores,
1321 2425 1408 2488 reci·

355 2523 466 2608 piendi
486 2523 536 2588 sui
554 2523 744 2590 facultatem
764 2544 830 2589 non
853 2525 1020 2590 haberent
1066 2527 1283 2611 Inopinantes
1301 2528 1438 2602 nosm

355 2648 389 2692 re
404 2648 491 2693 nova
506 2629 747 2711 perturbantur,
761 2648 800 2694 ac
817 2629 875 2693 vix
891 2632 1032 2715 primum
1054 2630 1217 2714 impetum
1239 2631 1359 2696 cohors
1373 2632 1408 2694 in

354 2732 497 2796 statione
518 2732 668 2796 sustinet.
722 2731 1039 2799 Circumfunduntur
1063 2755 1109 2799 ex
1131 2735 1267 2817 reliquis
1292 2734 1439 2810 hostes4

355 2831 553 2914 panibunsi
569 2852 668 2916 quem
683 2833 813 2897 aditum
829 2834 971 2916 reperire
985 2844 1131 2917 possent
1160 2834 1275 2918 Aegre
1290 2844 1437 2917 portass

355 2934 457 2998 nostri
474 2941 615 3012 tuentur,
629 2933 771 3018 reliquos
791 2937 902 3002 aditus
917 2936 1008 3002 locus
1027 2937 1099 3021 ipse
1118 2958 1177 3022 per
1191 2957 1227 3002 se
1245 2939 1407 3003 munitio-

353 3058 419 3121 que
441 3036 598 3104 defendit
643 3037 741 3103 Totis
769 3040 955 3123 trepidatur
979 3042 1105 3118 castris,
1126 3051 1228 3125 atque
1250 3041 1334 3105 alius
1360 3060 1439 3108 exe

352 3140 420 3207 allo
435 3160 568 3206 causam
588 3140 749 3206 tumultus
766 3143 915 3225 quaerit;
938 3163 1045 3228 neque
1064 3165 1131 3228 quo
1145 3146 1239 3229 signa
1258 3144 1407 3210 serantur

354 3266 461 3329 neque
490 3266 591 3329 quam
622 3245 655 3310 in
684 3256 813 3329 partem
843 3248 983 3331 quisque
1012 3248 1195 3327 conveniat,
1219 3249 1406 3333 provident.

354 3350 453 3416 Alius
467 3350 532 3415 iarn
552 3361 660 3416 eastra
680 3360 778 3433 capta
798 3352 998 3433 pronuntiat,
1013 3352 1097 3416 alius
1118 3352 1230 3417 deleto
1251 3353 1404 3417 exercitu
1421 3379 1436 3427 7

354 3465 454 3538 atque
479 3455 678 3539 imperatore
703 3454 844 3519 victores
869 3455 1030 3521 barbaros
1052 3456 1179 3521 venisse
1209 3456 1404 3528 contendit3

353 3557 503 3643 plerique
519 3579 621 3625 novas
635 3559 697 3623 sibi
720 3579 764 3622 ex
782 3557 858 3625 loco
878 3559 1051 3644 religiones
1070 3558 1201 3644 fingunt
1214 3558 1435 3642 Cottaeques

354 3672 388 3726 et
403 3662 519 3728 Titurii
542 3662 774 3738 calamitatem,
788 3662 847 3746 qui
869 3663 902 3726 in
924 3664 1041 3727 eodern
1056 3663 1236 3729 occiderint
1256 3663 1405 3741 castello,

354 3775 433 3829 ante
461 3764 576 3831 oculos
605 3777 742 3850 ponunt.
788 3764 862 3832 Tali
891 3766 1010 3831 timore
1040 3767 1192 3832 omnibus
1221 3767 1435 3850 perterritis9

384 3952 429 4001 80.
442 3954 455 4010 t
469 3964 491 4003 a.
509 3955 850 4013 qno...0mndlpomt,
933 3968 1004 4012 quae
1025 3956 1109 4005 inter.
1152 3951 1199 4005 See
1220 3953 1264 4005 rii.
1288 3967 1328 4018 33.
1351 3959 1365 4013 l
1387 3968 1401 4002 2

352 4014 480 4081 ‘whereby
500 4033 515 4067 ι
538 4033 634 4069 rererse
657 4018 733 4070 could
757 4018 789 4070 be
812 4035 849 4070 re·
902 4021 978 4084 ‘qnos
989 4019 1069 4071 inter!
1131 4038 1134 4045 ·

351 4079 452 4133 crired’
934 4084 1401 4152 §3.nubrexlllo.See1ntrod.parq.
