3234 5134
337 628 396 690 144
684 618 713 671 c
738 618 834 670 nnn
856 616 1043 670 cassatus
1282 618 1341 684 [sa.
1354 629 1387 665 ,-

335 778 583 847 consistendum
609 788 645 846 et
669 799 744 845 cum
774 778 926 845 hostibus
955 787 1027 844 erat
1059 778 1285 863 pugnandum,
1306 796 1415 846 cums

337 884 384 948 illi
401 894 461 949 aut
475 904 521 948 ex
538 884 631 949 arido
644 892 704 949 aut
719 883 855 967 paulum
868 883 901 948 in
916 903 1039 966 aquam
1054 884 1217 968 progressi
1228 882 1386 947 omnibus

337 988 495 1053 membris
518 987 696 1071 expeditis,
719 988 900 1053 notissimis
920 988 1002 1054 locis
1025 988 1183 1054 audacter
1205 986 1273 1051 tela
1294 986 1386 1051 coni·

336 1101 449 1157 eerent
479 1101 513 1156 et
539 1113 643 1176 equos
673 1092 872 1159 insuefactos
901 1092 1085 1157 incitarent.
1130 1090 1262 1175 Quibus
1287 1092 1416 1161 rebnss

338 1198 440 1261 nostri
476 1197 641 1280 perterriti
670 1207 773 1280 atque
801 1197 901 1262 huius
929 1196 1066 1262 omnino
1094 1196 1225 1279 generis
1255 1215 1387 1279 pugnae
1421 1220 1433 1237 r

336 1300 480 1383 imperiti
501 1321 568 1366 non
590 1300 708 1367 eadem
730 1301 902 1365 alacritate
923 1321 962 1365 ac
985 1301 1107 1376 studio,
1123 1320 1191 1383 quo
1213 1300 1247 1364 in
1269 1301 1387 1382 pedes·

12 1462 35 1525 k
110 1442 175 1499 W
330 1405 443 1471 tribus
458 1405 506 1470 uti
523 1406 655 1488 proeliis
669 1415 876 1483 consuerant,
892 1406 1093 1471 nitebantur.
1454 1484 1456 1487 ι

19 1476 223 1604 ammitte
234 1533 295 1568 nn·
325 1500 356 1565 Γ
383 1508 484 1593 Quod
505 1510 562 1574 ubi
579 1507 702 1574 Caesar
721 1510 962 1585 animadvertit,
982 1528 1084 1573 naves
1103 1508 1232 1590 longas,
1246 1527 1386 1591 quarum
1400 1515 1443 1569 ab

25 1614 73 1685 ¹l⁶¹
169 1585 278 1714 ζῗζῗεὴῐ
328 1577 374 1677 :et
399 1615 527 1697 species
549 1622 620 1678 erat
644 1613 793 1678 barbaris
817 1614 1003 1677 inusitatior
1025 1622 1061 1676 et
1087 1622 1199 1678 motus
1222 1611 1265 1675 ad
1290 1631 1387 1676 usum

169 1715 300 1781 usoptsy.
328 1694 537 1801 {expedition
567 1717 703 1801 paulum
733 1717 895 1783 removeri
926 1717 970 1781 ab
999 1716 1156 1782 numanis
1185 1717 1325 1781 navibus
1354 1726 1388 1781 et

338 1824 436 1888 remis
463 1822 590 1888 incitari
617 1830 652 1887 et
680 1823 724 1886 ad
749 1821 838 1886 latus
869 1830 1022 1904 apertum
1052 1820 1199 1886 hostium
1229 1820 1389 1887 constitui

338 1938 440 2009 atque
459 1926 538 1991 inde
556 1925 679 2002 fundis,
698 1926 839 2009 sagittis,
859 1925 1035 1990 tormentis
1054 1924 1169 1990 hostes
1187 1923 1329 2007 propelli
1349 1943 1389 1989 ac

338 2031 527 2096 submoveri
557 2029 670 2107 iussit3
707 2049 793 2111 quae
827 2050 878 2094 ree
908 2049 1031 2113 magno
1063 2028 1136 2093 usui
1166 2029 1287 2093 nostris
1316 2027 1388 2092 fuit

341 2134 429 2198 Nam
453 2144 488 2198 et
511 2134 645 2198 navium
671 2132 777 2218 figura
802 2143 837 2198 et
863 2153 1030 2198 remorum
1054 2144 1149 2201 motu
1172 2143 1209 2196 et
1232 2133 1417 2197 inusitatos

339 2257 460 2323 genere
494 2246 737 2302 tormentorum
766 2237 908 2322 permoti
938 2237 1070 2301 barbari
1099 2237 1318 2301 constiterunt
1349 2256 1388 2300 ac

171 2348 305 2411 Gallentry
340 2342 477 2425 paulum
493 2343 595 2407 modo
611 2342 732 2424 pedem
747 2339 955 2405 rettulerunt
999 2340 1117 2423 Atque
1132 2341 1253 2407 nostris
1273 2339 1388 2405 militi-

171 2413 320 2530 mem
340 2448 403 2512 bus
416 2445 659 2525 cunctantibus,
671 2444 819 2510 maxime
834 2455 970 2527 propter
984 2443 1194 2509 altitudinem
1211 2445 1318 2520 maru,
1329 2444 1388 2526 qui

340 2550 488 2616 decimae
515 2549 653 2634 legionis
677 2548 823 2632 aquilam
846 2547 984 2627 ferebat,
1004 2558 1212 2613 contestatus
1237 2549 1329 2623 deos,
1351 2558 1418 2614 uts

340 2676 446 2720 cares
461 2655 584 2739 legioni
600 2654 736 2720 feliciter
755 2655 910 2727 eveniret,
926 2650 1090 2729 ‘desine’
1107 2654 1223 2734 inquit,
1237 2653 1390 2727 ‘milites,

341 2760 403 2823 nisi
425 2758 525 2823 vultis
549 2759 693 2841 aquilam
717 2758 870 2823 hostibus
893 2758 1053 2840 prodere:
1079 2777 1144 2841 ego
1165 2765 1254 2822 certe
1276 2777 1389 2821 meum

341 2863 386 2927 rei
403 2863 557 2945 publicae
570 2872 671 2945 atque
685 2861 874 2946 imperatori
889 2860 1035 2926 officium
1053 2858 1267 2944 praestitero!
1314 2861 1420 2933 Hoc4

341 2986 418 3031 cum
437 2985 520 3030 voce
542 2986 663 3048 magua
684 2966 834 3044 dixisset,
848 2984 885 3030 se
907 2986 951 3030 ex
974 2966 1048 3030 navi
1070 2965 1209 3047 proiecit
1230 2974 1332 3047 atque
1355 2964 1389 3028 in

341 3071 455 3135 hostes
470 3069 615 3151 aquilam
630 3069 713 3134 serre
727 3071 846 3152 coepit.
891 3069 980 3133 Tum
1001 3070 1103 3134 nostri
1121 3068 1285 3133 cohortati
1303 3069 1420 3144 inte15

341 3194 387 3255 se,
411 3194 455 3239 ne
484 3181 616 3238 tanturn
643 3173 788 3239 dedecus
814 3172 1053 3250 admitteretur,
1076 3172 1216 3237 universi
1243 3193 1288 3235 ex
1313 3172 1389 3236 navi

341 3280 552 3346 desiluerunt.
599 3276 675 3341 Hos
698 3278 778 3341 item
801 3297 847 3341 ex
870 3275 1031 3358 proximis
1052 3276 1191 3340 navibus
1214 3296 1289 3341 cum
1313 3297 1391 3341 con·

340 3385 541 3468 spexissent,
555 3380 722 3446 subsecuti
735 3380 888 3446 hostibus
903 3379 1227 3478 appropinquarunq

376 3593 423 3653 §4
435 3590 609 3638 nitebantur.
626 3583 842 3637 Ah‘utebantur.'
892 3585 990 3636 scribed
1005 3585 1040 3650 by
1054 3585 1107 3635 Dio
1124 3586 1225 3637 Cassius
1243 3586 1288 3650 (xl.
1304 3586 1346 3647 18)
1364 3601 1392 3635 as

374 3658 482 3714 antu
499 3655 628 3703 adlatus
644 3658 841 3712 noemma
892 3651 994 3702 asmnll
1005 3652 1086 3701 shrine
1098 3651 1194 3702 carried
1208 3667 1240 3702 on
1255 3652 1298 3702 the
1309 3660 1337 3702 to
1365 3650 1396 3702 of

342 3719 406 3769 their
431 3719 541 3783 exposed
565 3715 649 3773 flank.’
673 3718 718 3769 he.
741 3733 773 3768 ou
798 3719 842 3769 the
892 3717 980 3783 along
990 3717 1048 3783 pole
1059 3718 1109 3767 md
1120 3669 1392 3783 eontainingagohen

342 3785 409 3849 right
430 3783 490 3844 side,
507 3782 590 3834 which
607 3798 659 3833 was
680 3783 842 3849 unpmtected
892 3782 970 3848 engle.
1004 3783 1060 3832 The
1076 3782 1136 3848 pole
1151 3782 1231 3832 ended
1247 3785 1273 3832 in
1288 3799 1332 3833 as
1352 3784 1392 3833 lire

344 3847 439 3911 hythe
460 3849 548 3900 shield.
584 3849 634 3916 Cp.
652 3849 695 3898 vii.
713 3863 755 3913 50,
777 3854 790 3910 5
813 3863 842 3907 13
892 3849 926 3912 by
942 3849 1023 3899 which
1040 3849 1083 3899 the
1097 3849 1169 3914 engle
1185 3848 1259 3898 could
1276 3849 1307 3899 be
1326 3799 1392 3898 Xxed

344 3916 447 3974 tinia.
892 3915 946 3964 into
967 3914 1011 3965 the
1078 3915 1136 3964 und.
1172 3913 1227 3964 'I'he
1247 3914 1319 3980 engle
1339 3929 1392 3964 was

378 3981 428 4040 53.
445 3982 576 4037 aquilone
608 3979 733 4030 ‘Primum
744 3981 842 4046 signum
891 3980 1020 4030 notnllow
1060 3987 1087 4029 to
1095 3979 1166 4030 leave
1174 3979 1295 4045 thecamp
1304 3989 1393 4044 except

343 4044 420 4095 totius
429 4042 532 4107 legionis
540 4051 578 4095 est
586 4044 679 4123 aquila,
686 4061 761 4112 quem
772 4046 842 4112 aqui·
893 4045 965 4095 when
987 4044 1029 4097 the
1048 4044 1131 4095 whole
1153 4059 1223 4108 army
1242 4060 1292 4094 was
1312 4045 1392 4110 going

343 4110 399 4160 liser
414 4107 515 4174 portnt’
526 4109 590 4175 Veg.
606 4123 687 4173 u.13.
720 4110 744 4160 It
760 4112 783 4160 is
798 4110 841 4161 de·
890 4118 942 4160 out.
