3234 5134
337 610 378 673 54
683 603 710 657 c.
736 603 831 655 rurn
854 603 1041 656 causatus
1281 603 1385 671 [ree

338 767 424 833 sicut
443 764 534 830 illam
557 776 713 830 nostram.
758 765 809 832 Ut
832 765 894 849 ipsi
917 765 1054 832 concedi
1076 785 1141 831 non
1164 773 1342 849 oporteret,
1356 762 1384 827 si

339 871 372 934 in
402 878 532 934 nostros
563 868 646 933 fines
674 869 836 952 impetum
868 868 1000 946 laceret,
1030 870 1078 936 sic
1109 871 1188 934 item
1220 888 1282 935 nos
1314 889 1386 933 esse

339 974 477 1057 iniquos,
503 973 594 1055 quod
625 972 660 1037 in
689 993 751 1037 suo
783 974 852 1039 iure
881 995 918 1039 se
947 974 1240 1059 interpellaremus
1285 972 1416 1056 Quodn

339 1078 457 1143 iratres
470 1076 611 1143 Aeduos
630 1077 816 1163 appellatos
835 1078 969 1157 diceret,
983 1099 1050 1143 non
1069 1099 1106 1143 se
1120 1088 1190 1143 tam
1210 1078 1387 1143 barbamm

341 1200 449 1263 neque
470 1191 540 1246 tarn
563 1181 754 1265 imperitum
778 1201 851 1247 esse
872 1202 991 1259 rerum,
1011 1193 1049 1248 ut
1071 1202 1138 1247 non
1160 1182 1259 1247 sciret
1280 1201 1389 1265 neque

339 1284 427 1351 bello
449 1284 671 1370 Allobrogum
697 1285 854 1369 proximo
876 1285 1016 1351 Aeduos
1039 1286 1201 1351 Romanis
1226 1284 1388 1349 auxilium

339 1388 455 1454 tulisse
484 1408 590 1472 neque
613 1389 702 1472 ipsos
726 1388 759 1452 in
784 1390 837 1454 his
859 1390 1137 1468 contentionibus,
1167 1408 1250 1477 quas
1276 1388 1388 1453 Aedui

340 1513 455 1558 seeum
491 1502 525 1558 et
561 1513 637 1558 eum
673 1491 839 1578 Sequanis
875 1493 1078 1572 habuissent,
1110 1493 1238 1559 auxilio
1274 1493 1388 1578 populi

342 1597 488 1661 Romani
510 1617 588 1662 usos
611 1616 693 1662 esse.
739 1597 871 1663 Debere
893 1619 930 1663 se
951 1598 1108 1681 suspicari
1131 1596 1286 1662 simulata
1306 1596 1389 1663 Cae·
1405 1617 1435 1652 10

341 1720 448 1765 sarem
478 1701 632 1776 amicitia,
658 1702 747 1784 quod
774 1701 958 1767 exercitum
988 1701 1022 1765 in
1049 1700 1158 1765 Gallia
1183 1700 1316 1779 habeat,
1339 1701 1390 1765 sui

342 1805 554 1889 opprimendi
591 1825 691 1871 causa
727 1805 858 1870 habere
907 1803 975 1888 Qui
1015 1804 1077 1869 nisi
1114 1804 1253 1871 decedat
1289 1817 1391 1889 atque
1405 1823 1433 1860 11

343 1908 527 1974 exercitum
553 1909 696 1973 deducat
721 1929 766 1974 ex
796 1908 848 1972 his
874 1908 1073 1993 regionibus,
1099 1928 1171 1973 sese
1199 1906 1293 1972 illum
1323 1929 1390 1973 non

342 2033 404 2096 pro
428 2012 536 2076 amico
558 2012 618 2077 sed
643 2011 740 2076 hoste
765 2011 968 2076 habiturum.
1013 2010 1114 2094 Quod
1140 2012 1168 2076 si
1191 2030 1266 2075 eum
1293 2013 1435 2076 inter-12

342 2116 464 2192 fecerit,
503 2114 617 2180 multis
653 2135 724 2179 sese
762 2115 927 2180 nobilibus
968 2115 1236 2198 principibusque
1275 2116 1390 2199 populi

344 2219 488 2285 Romani
503 2227 635 2303 gratum
649 2239 722 2284 esse
736 2219 918 2285 faetumm:
941 2220 975 2286 id
990 2240 1027 2284 se
1041 2219 1084 2284 ab
1100 2220 1179 2302 ipsis
1197 2239 1257 2302 per
1275 2238 1390 2284 eorum

343 2325 477 2389 nuntios
506 2332 711 2407 compertum
741 2321 872 2399 habere,
899 2342 1041 2405 quorum
1071 2324 1220 2387 omnium
1250 2325 1390 2407 gratiam

344 2439 445 2512 atque
466 2427 643 2493 amicitiam
666 2427 737 2492 eius
759 2436 867 2492 morte
888 2427 1049 2493 redimere
1074 2437 1196 2511 posset.
1240 2427 1340 2512 Quod
1364 2428 1391 2492 si
1407 2447 1438 2497 13

344 2532 547 2599 discessisset
571 2541 606 2597 et
628 2530 766 2598 liberam
790 2532 1031 2616 possessionem
1055 2529 1183 2596 Galliae
1206 2532 1268 2625 sibi
1291 2532 1393 2598 tradi·

346 2638 463 2714 disset,
479 2655 602 2721 magno
616 2656 653 2700 se
668 2635 760 2700 illum
776 2636 925 2719 praemio
943 2645 1225 2701 remuneraturum
1241 2646 1276 2719 et
1291 2655 1393 2718 quae·

346 2758 489 2821 cumque
503 2738 590 2804 bella
605 2742 674 2825 geri
689 2739 797 2816 vellet,
813 2742 884 2804 sine
900 2741 968 2804 ullo
983 2740 1054 2804 eius
1076 2739 1188 2804 labore
1200 2749 1233 2804 et
1248 2740 1394 2823 periculo

346 2843 589 2908 confecturum!

391 2944 501 3010 Multa
515 2946 557 3009 ab
573 2944 715 3012 Caesare
729 2947 763 3011 in
779 2967 854 3011 eam
870 2948 1068 3014 sententiam
1086 2947 1276 3026 dictasunt,
1292 2968 1394 3031 quare
1411 2960 1457 3014 4⁵

348 3050 485 3132 negotio
502 3047 660 3113 desistere
677 3070 743 3114 non
759 3059 890 3133 posset:
913 3056 1036 3135 ‘neque
1050 3070 1145 3114 suam
1157 3071 1265 3134 neque
1279 3052 1395 3136 populi

350 3153 495 3219 Romani
511 3153 784 3219 consuetudinem
800 3155 878 3238 pati,
893 3154 943 3218 uti
958 3155 1085 3240 optime
1108 3166 1271 3221 merentes
1287 3157 1395 3222 socios

383 3375 434 3437 58.
450 3374 746 3432 mmumummur,
759 3373 849 3424 ‘inter
895 3373 921 3423 in
944 3372 1086 3438 republica
1104 3389 1168 3423 nune
1204 3374 1287 3425 uidem
1304 3375 1397 3428 Gallici

349 3438 563 3492 feredwithhim!
596 3439 644 3504 Cp.
654 3438 685 3489 C.
696 3438 732 3488 iii.
741 3444 805 3503 70,§
820 3453 850 3498 ²3
895 3446 1187 3497 versanturmetus;nam
1222 3441 1397 3502 aeduiiretres

350 3504 650 3571 ro5‚§r:Al.5o,52.
894 3504 980 3567 nostri,
1061 3502 1120 3554 au!

384 3578 398 3632 ς
421 3586 446 3637 9.
473 3574 583 3648 homos,
601 3583 649 3657 μ,
672 3573 686 3630 ξ
712 3584 725 3619 r
749 3568 851 3620 ‘iratres
929 3573 982 3629 hle,
1001 3574 1060 3662 ‘t‘e
1078 3569 1143 3621 late?
1177 3571 1225 3638 Cp.
1244 3572 1304 3650 Cle·
1320 3573 1396 3660 R⁰‚⁸⁶'

349 3651 676 3760 Ἥξωὶᾙωέξξοω
710 3704 849 3759 proximo.
896 3636 956 3762 Αἵ
969 3635 1027 3752 ⁵12¹.6
1054 3636 1107 3759 {oser
1114 3637 1396 3754 Ἥρωιῗιιιῗὲω

352 3778 405 3817 nn
419 3765 460 3819 ⁶2.
493 3766 575 3829 See6,
589 3772 603 3829 ξ
617 3781 630 3816 r
643 3765 750 3833 ‘nupen‘
896 3765 1013 3817 Plutarch
1024 3767 1109 3827 (Caes.
1122 3767 1164 3830 ro)
1172 3784 1251 3818 seems
1261 3778 1289 3819 to
1297 3777 1396 3834 suggest

384 3847 475 3891 neque
490 3836 705 3891 ineos...nooo
722 3847 791 3884 esre.
826 3833 850 3883 lt
896 3832 1130 3883 asimilarooneert
1143 3834 1254 3883 between
1266 3834 1396 3898 Vercinge-

351 3912 402 3947 πυ
418 3896 525 3962 thought
542 3898 618 3962 likely
628 3905 656 3948 et
669 3897 712 3948 the
724 3899 784 3949 time
795 3897 850 3949 thot
895 3899 962 3948 torix
973 3898 1024 3947 end
1035 3896 1148 3949 Caesam
1155 3899 1263 3948 enemies
1270 3908 1296 3949 et
1307 3899 1395 3949 Rome.

351 3963 394 4011 the
409 3962 522 4012 Romans
537 3963 621 4013 would
642 3964 674 4014 be
690 3963 774 4014 drawn
796 3963 850 4014 into
928 3968 974 4013 4⁶.
993 3968 1040 4024 ξι.
1057 3966 1395 4015 romanianum...

351 4029 395 4079 the
405 4043 465 4077 war.
498 4028 588 4079 Cicero
598 4029 699 4094 writing
711 4036 739 4078 to
749 4029 849 4080 Atticus
896 4042 992 4091 quere,
1009 4032 1054 4079 ‘to
1072 4027 1143 4079 show
1160 4030 1217 4093 why
1235 4030 1254 4079 it
1275 4043 1328 4079 was
1348 4029 1396 4078 im·

354 4094 382 4158 (i.
396 4093 494 4159 19,§r)
505 4093 849 4160 insensum-‘Atque
896 4092 1023 4159 possible!
1056 4095 1104 4159 Cp.
1116 4107 1155 4156 33,
1172 4099 1221 4153 tr.
