3234 5134
423 591 485 654 288
769 602 799 655 c.
824 603 922 655 ruurr
944 601 1135 657 CAESAR&
1369 603 1421 668 [ar.
1430 614 1456 650 1·

424 764 523 844 dinci,
552 774 589 831 ut
617 775 705 831 esset
733 764 979 849 impedimentis
1008 766 1181 850 praesidio,
1211 785 1286 831 cum
1316 772 1456 848 quattuor

424 868 609 954 legionibus
624 869 793 935 Lutetiam
809 870 1035 954 proficiscitur.
1082 870 1121 936 Id
1137 881 1188 935 est
1203 871 1366 956 oppidum
1380 866 1455 931 Pari·

424 975 556 1048 siorum,
578 976 668 1057 quod
692 975 836 1057 positum
860 985 912 1039 est
934 975 968 1039 in
993 975 1099 1040 insula
1120 974 1264 1040 fluminis
1289 973 1456 1057 Sequanae

426 1076 527 1143 Cuius
545 1077 690 1142 adventu
711 1078 753 1143 ab
773 1078 926 1143 hostibus
945 1078 1080 1162 cognito
1101 1099 1242 1165 magnae
1261 1099 1308 1142 ex
1324 1074 1475 1140 finitimis²

257 1186 357 1238 Taetioe
367 1184 397 1236 ot
424 1180 611 1246 civitatibus
624 1182 741 1265 copiae
754 1192 985 1247 convenerunt
1030 1182 1171 1248 Summa
1187 1183 1317 1267 imperii
1332 1180 1477 1246 tradituri

255 1252 374 1383 {32¹sp
425 1282 653 1371 Camulogeno
668 1285 824 1365 Aulerco,
839 1286 896 1369 qui
916 1307 1021 1370 prope
1039 1287 1207 1352 conlectus
1227 1296 1341 1352 aetate
1360 1295 1458 1349 umen

424 1399 560 1472 propter
580 1389 778 1473 singularem
804 1391 975 1456 scientiam
1003 1390 1049 1455 rei
1076 1391 1226 1455 militaris
1250 1392 1293 1456 ad
1321 1409 1396 1453 eum
1418 1394 1458 1451 ert

423 1493 582 1558 honorem
602 1504 767 1559 evocatus
813 1494 848 1559 Is
869 1514 945 1560 cum
966 1495 1252 1559 animadvertisset
1272 1504 1477 1577 perpetuant

423 1618 496 1663 esse
516 1597 681 1682 paludem,
701 1618 789 1682 quae
811 1598 960 1665 influeret
981 1598 1016 1662 in
1039 1598 1230 1682 Sequanam
1252 1608 1357 1681 atque
1380 1597 1458 1660 illum
1537 1598 1538 1645 l

423 1722 557 1767 omnem
579 1702 690 1767 locum
713 1722 917 1786 magnopere
940 1703 1124 1785 impediret,
1142 1702 1197 1767 hic
1219 1703 1373 1767 consedit
1396 1720 1458 1763 nos
1537 1680 1538 1741 i

423 1818 558 1890 trosque
572 1807 712 1871 transitu
728 1807 904 1891 prohibere
918 1807 1070 1872 instituit.
1537 1834 1538 1873 ι

468 1912 637 1976 Labienus
658 1911 766 1994 primo
787 1909 901 1975 vineas
923 1931 1032 1993 agere,
1054 1911 1198 1976 cratibus
1224 1920 1330 1994 atque
1351 1920 1494 1994 aggerett

338 2014 347 2025 “
425 2015 581 2099 paludem
596 2014 730 2099 explere
744 2024 845 2099 atque
856 2014 917 2080 iter
929 2016 1056 2078 munire
1066 2016 1257 2081 conabatur.
1289 2016 1477 2097 Postquam

424 2120 457 2184 id
473 2119 634 2185 difficilius
648 2117 779 2184 confieri
794 2119 1038 2196 animadvertit,
1053 2118 1184 2185 silentio
1203 2139 1223 2182 e
1239 2121 1359 2184 castris
1376 2116 1459 2183 tertia

421 2223 532 2308 vigilia
552 2242 703 2306 egressus
724 2224 854 2299 eodem,
868 2243 935 2305 quo
951 2231 1097 2301 venerat,
1112 2223 1228 2287 itinere
1245 2222 1456 2288 Metiosedum
1537 2222 1538 2293 l

422 2329 579 2410 pervenit.
627 2327 667 2391 Id
681 2335 732 2392 est
750 2327 913 2409 oppidum
930 2324 1099 2391 Senonum
1119 2328 1154 2391 in
1174 2326 1278 2391 insula
1295 2326 1477 2410 sequanas

421 2432 577 2517 positum,
595 2440 632 2495 ut
655 2429 755 2513 paulo
771 2438 849 2494 ante
870 2431 913 2494 de
932 2429 1067 2495 Lutetia
1086 2431 1244 2495 diximus.
1289 2427 1477 2517 Deprensist

423 2535 698 2601 navibuscirciter
706 2535 945 2617 quinquaginta
956 2533 1168 2616 celeriterque
1179 2535 1363 2601 coniunctis
1371 2545 1458 2615 atque

422 2661 463 2705 eo
479 2641 638 2704 militibus
652 2638 778 2703 iniectis
796 2648 831 2702 et
851 2639 896 2702 rei
917 2639 1063 2703 novitate
1083 2639 1264 2722 perterritis
1283 2637 1458 2724 oppidanis,

421 2764 563 2827 quorum
587 2764 707 2826 magna
728 2762 806 2826 pars
829 2752 900 2806 erat
920 2743 964 2807 ad
986 2741 1111 2806 bellum
1132 2752 1279 2819 evocata,
1298 2745 1371 2807 sine
1393 2759 1458 2807 con·

422 2849 571 2912 tentione
591 2848 716 2930 oppido
738 2846 873 2931 potitur.
918 2845 1058 2911 Refecto
1078 2855 1188 2928 ponte,
1202 2866 1304 2929 quem
1325 2846 1480 2929 superios

425 2952 516 3017 ribus
542 2950 658 3014 diebus
684 2950 797 3014 hostes
824 2950 1033 3031 resciderunt,
1054 2950 1238 3015 exercitum
1265 2951 1411 3015 traducit
1432 2954 1460 3009 et

424 3055 570 3120 secundo
585 3053 718 3118 flumine
733 3054 775 3117 ad
792 3054 963 3118 Lutetiam
980 3055 1042 3118 iter
1053 3053 1164 3119 iacere
1177 3054 1297 3136 coepit
1344 3054 1483 3119 Hostest
1537 3018 1538 3105 i

426 3181 461 3225 re
489 3158 623 3241 cognita
651 3159 695 3222 ab
727 3157 774 3233 iis,
803 3158 859 3240 qui
894 3156 1080 3222 Metiosedo
1108 3157 1269 3240 fugerant,
1299 3157 1460 3224 Lutetiam

422 3263 553 3329 incendi
568 3271 751 3346 pontesque
765 3261 835 3325 eius
850 3261 965 3345 oppidi
982 3260 1121 3327 rescindi
1142 3261 1276 3340 iubent;
1298 3263 1362 3345 ipsi
1379 3279 1461 3346 prae·
1537 3348 1538 3355 ἵ

421 3368 527 3452 saepti
558 3365 680 3450 palude
709 3366 752 3430 ad
781 3365 870 3447 ripas
900 3365 1075 3449 Sequanae
1105 3387 1124 3430 e
1153 3367 1288 3450 regione
1316 3365 1461 3432 Lutetiae
1537 3370 1538 3373 ’

421 3481 537 3539 contra
552 3469 692 3533 Labieni
707 3479 816 3533 castra
830 3470 1014 3534 considunt.

455 3637 530 3691 oet
549 3645 571 3681 1.
588 3633 713 3681 oonfleri.
746 3629 771 3680 A
788 3645 841 3679 rare
857 3628 921 3679 form
970 3627 1080 3679 dunum!
1114 3628 1145 3679 Iu
1164 3646 1213 3695 any
1229 3645 1285 3681 ease
1302 3629 1324 3680 it
1341 3631 1367 3682 is
1382 3624 1463 3695 agreed

423 3697 461 3748 ior
478 3697 521 3748 the
539 3698 636 3762 passim
656 3696 685 3746 ol
702 3692 839 3747 ‘conficio’
873 3694 921 3745 C.
971 3693 1324 3761 that'Meluu'istheplaoe
1334 3704 1426 3747 meant.

423 3762 500 3827 Verg.
520 3762 584 3814 Aen.
604 3761 635 3812 iv.
658 3760 719 3812 116:
745 3760 844 3811 Servium
866 3710 922 3810 Sui-
1007 3766 1055 3876 ⁵3*
1072 3763 1244 3819 aulonam.
1278 3764 1344 3824 57,§
1361 3776 1383 3812 1.

423 3826 777 3892 plciusiuCieadFam.iv.
807 3828 841 3885 ,l
856 3839 877 3876 1.
1005 3830 1019 3887 ς
1044 3830 1229 3884 ‚prensante
1247 3825 1462 3877 Hoffmann'soou·

457 3899 470 3953 5
496 3906 519 3944 a.
544 3895 741 3944 Metiosedum.
810 3907 851 3942 ere
872 3891 922 3941 aud
968 3889 1062 3956 jactare
1079 3885 1462 3979 inpuoeotthe‘proepeeta'

422 3957 514 4008 intbe
538 3957 850 4024 otherpassageewbere
872 3956 922 4007 this
971 3960 979 3985 ‘
1075 3964 1124 4022 cta,
1149 3955 1463 4025 or‘profecria’osue

422 4021 673 4140 erum
686 4023 798 4152 en
812 4021 921 4139 snt
969 3972 1074 4075 ff
