3234 5134
386 569 447 630 πω
733 577 761 629 c.
787 578 884 629 rum
906 576 1095 631 cassrnrs
1338 579 1448 646 [rm-

387 737 516 807 Genabi
530 738 669 824 perfidia
681 738 853 805 Gallorum
869 741 1065 817 interissent,
1076 739 1309 824 parentarent.'
1341 739 1444 804 Haec
1460 752 1477 800 s

386 846 504 910 eadem
520 842 764 908 centurionibus
785 844 993 928 tribunisque
1013 844 1155 908 militum
1171 842 1386 921 mandabant,
1400 852 1444 906 ut

387 968 447 1032 per
461 966 519 1011 eos
534 947 577 1011 ad
594 944 770 1012 Caesarem
786 947 999 1012 deferrentur.

218 1059 362 1133 Movement
433 1049 518 1114 Cum
542 1050 607 1114 iam
631 1071 726 1115 muro
747 1061 854 1116 turres
877 1052 1207 1136 appropinquassent,
1230 1072 1274 1115 ex
1300 1050 1445 1134 captivis
1458 1058 1499 1112 1⁸

218 1124 357 1251 {gxffffn‘
389 1153 512 1221 Caesar
548 1154 707 1239 cognovit
735 1154 1041 1238 Vercingetorigem
1078 1165 1277 1237 consumpto
1314 1153 1445 1236 pabulo

387 1267 495 1322 castra
510 1257 651 1322 movisse
674 1258 809 1342 propius
826 1257 1006 1322 Avaricum
1020 1267 1121 1342 atque
1135 1259 1242 1341 ipsum
1256 1278 1333 1321 cum
1347 1259 1445 1341 equi-

386 1369 460 1425 tatu
474 1360 713 1444 expeditisque,
729 1362 786 1446 qui
802 1362 888 1426 inter
900 1362 1029 1444 equites
1045 1362 1199 1446 proeliari
1214 1372 1446 1436 consuessent,

387 1463 576 1528 insidiarum
597 1484 697 1529 causa
717 1485 758 1529 eo
777 1463 974 1549 profectum,
989 1486 1056 1549 quo
1077 1476 1208 1530 nostros
1227 1475 1362 1548 postero
1386 1466 1445 1529 die

218 1570 371 1622 inmtened
386 1567 582 1649 pabulatum
597 1579 752 1633 venturos
770 1567 992 1633 arbitraretur.
1038 1567 1168 1651 Quibus
1184 1569 1280 1633 rebus
1294 1569 1445 1651 cognitis
1460 1589 1474 1622 ²

217 1636 352 1752 {QZ
388 1671 498 1736 media
518 1682 616 1737 nocte
637 1671 767 1736 silentio
785 1671 952 1756 proiectus
973 1672 1018 1736 ad
1041 1671 1188 1737 hostiurn
1211 1681 1317 1737 castra
1340 1693 1444 1737 mane

217 1768 345 1883 ffimp
388 1775 549 1859 pervenit.
581 1773 634 1839 Illi
650 1774 799 1839 celeriter
814 1795 873 1858 per
888 1773 1118 1858 exploratores
1133 1776 1277 1840 adventu
1287 1774 1444 1840 Caesaris
1458 1797 1474 1845 3

219 1898 305 1947 (sauls.
388 1879 523 1961 cognito
549 1898 658 1943 carros
686 1878 990 1962 impedimentaque
1020 1898 1080 1942 sua
1109 1878 1143 1943 in
1172 1880 1308 1943 artiores
1339 1878 1443 1943 silvas

387 1981 594 2060 abdiderunt,
609 1980 721 2063 copias
744 2001 859 2045 omnes
881 1982 916 2044 in
938 1980 1012 2045 loco
1032 1980 1122 2046 edito
1140 1991 1242 2065 atque
1256 1993 1373 2066 aperto
1391 1984 1441 2045 in-

386 2092 587 2150 struxerunt.
633 2082 710 2166 Qua
734 2105 769 2148 re
795 2084 946 2149 nuntiata
973 2082 1094 2149 Caesar
1118 2085 1265 2150 celeriter
1293 2087 1473 2159 sarcinas4

387 2189 533 2263 conferri,
548 2208 642 2252 arma
657 2188 806 2271 expediri
822 2188 923 2253 iussit.

431 2291 535 2358 Collis
552 2301 623 2355 erat
638 2291 753 2355 leniter
767 2292 811 2356 ab
829 2291 945 2355 infimo
967 2289 1107 2357 acclivis
1154 2291 1253 2358 Hunc
1273 2312 1317 2356 ex
1332 2292 1494 2359 omni-10

385 2395 448 2461 bus
464 2395 531 2460 fere
547 2394 695 2479 partibus
711 2394 806 2478 palus
827 2394 967 2460 difficilis
983 2404 1085 2479 atque
1103 2395 1263 2478 impedita
1283 2396 1439 2480 cingebat

386 2520 452 2566 non
476 2499 573 2565 latior
596 2499 738 2582 pedibus
760 2500 1010 2583 quinquaginta.
1057 2499 1134 2563 Hoc
1159 2520 1195 2563 se
1222 2499 1307 2565 colle
1338 2502 1469 2564 inter-2

387 2605 491 2690 ruptis
506 2603 662 2688 pontibus
678 2601 767 2668 Galli
787 2603 908 2669 fiducia
924 2603 986 2669 loci
1009 2603 1224 2670 continebant
1239 2604 1439 2686 generatim·

386 2729 452 2790 que
476 2709 640 2774 distributi
662 2708 696 2771 in
722 2707 875 2772 civitates
898 2708 1010 2773 omnia
1035 2709 1125 2772 vada
1147 2708 1218 2772 eius
1244 2708 1376 2790 paludis
1399 2729 1439 2772 ac

385 2810 490 2875 saltus
512 2812 706 2875 obtinebant
729 2812 775 2875 sic
797 2811 908 2875 animo
930 2812 1046 2894 parati,
1067 2820 1113 2887 ut,
1132 2811 1159 2875 si
1182 2830 1256 2875 eam
1281 2811 1438 2894 paludem

387 2914 531 2978 Romani
558 2934 770 2998 perrumpere
795 2925 1002 2990 conarentur,
1021 2914 1225 2979 haesitantes
1250 2926 1439 2997 premerent

386 3038 430 3082 ex
454 3017 527 3081 loco
549 3016 726 3099 superiore,
749 3027 797 3094 ut,
820 3019 877 3101 qui
905 3019 1189 3102 propinquitatem
1215 3017 1279 3082 loci
1301 3020 1439 3096 videret,

387 3132 520 3206 paratos
536 3141 641 3205 prope
655 3141 763 3204 aequo
784 3121 896 3187 Marte
917 3122 960 3186 ad
977 3121 1203 3187 dimicandum
1223 3123 1439 3203 existimaret,
1453 3142 1468 3189 s

385 3227 442 3310 qui
458 3224 664 3309 iniquitatem
680 3224 881 3289 condicionis
901 3225 1110 3310 perspiceret,
1125 3225 1214 3290 inani
1230 3226 1439 3292 simulatione

385 3351 458 3396 sese
478 3340 645 3395 ostentare
663 3340 885 3414 cognosceret
932 3329 1148 3413 Indignantes
1171 3329 1291 3394 milites
1307 3331 1468 3407 Caesam

386 3435 476 3517 quod
499 3442 712 3515 conspectum
735 3453 831 3498 suum
855 3432 967 3497 hostes
989 3431 1131 3515 perferre
1151 3443 1287 3517 possent
1309 3435 1439 3500 tantulo

386 3540 497 3621 spatio
518 3538 701 3613 interiecto,
721 3549 756 3602 et
778 3538 911 3620 signum
934 3536 1047 3620 proelii
1068 3547 1288 3620 exposcentes
1309 3540 1439 3616 edocet,

387 3650 537 3725 ‘quanto
567 3640 768 3707 detrimento
805 3651 839 3705 et
869 3652 951 3723 quot
980 3640 1123 3705 virorum
1161 3641 1293 3706 sortium
1332 3655 1439 3708 morte

388 3765 520 3811 necesse
550 3746 593 3810 sit
624 3756 775 3811 constare
805 3744 997 3823 victoriam3
1030 3765 1114 3828 quos
1143 3764 1220 3810 cum
1250 3746 1296 3809 sic
1327 3748 1466 3818 animos

419 3952 460 3997 18.
473 3953 486 4008 ς
500 3963 522 4000 a.
539 3952 665 3999 hostium
674 3956 775 4009 oum,
786 3948 832 3999 ie.
843 3948 886 3999 the
936 3947 997 3999 with
1008 3949 1050 3999 the
1061 3948 1168 4013 cavam.

386 4029 506 4065 nenoam
536 4014 886 4074 nommannmmmm
968 4018 1075 4074 lma.
1098 4018 1317 4075 neumamque.
1357 4014 1375 4065 i.
1396 4028 1438 4077 51,

386 4078 469 4130 which
515 4081 677 4144 ercingetorlx
699 4080 749 4130 had
776 4086 815 4130 set
840 4085 886 4129 out
937 4077 1162 4145 §a‘generatim’
