3234 5134
159 1117 272 1169 Cautr’s

159 1266 217 1300 ΜΓ.

330 621 389 684 106
691 629 718 682 c.
744 630 842 682 wtn
864 628 1053 683 caesurus
1282 628 1323 694 [n.
1336 641 1384 681 10-

328 791 545 872 Ambssiatos,
560 791 721 870 Morinos,
737 789 951 868 Diablintres,
971 788 1146 874 Menapios
1168 790 1377 868 adsciscunt;
1398 846 1425 871 ,

329 897 455 962 auxilia
469 915 514 960 ex
531 895 712 974 Britannia,
728 913 815 977 quae
829 902 947 960 contra
961 914 1017 959 eas
1032 894 1182 977 regiones
1197 895 1308 977 posita
1322 904 1381 971 est,

329 1009 511 1066 arcessunt.

374 1104 480 1168 Erant
495 1102 558 1167 hae
572 1100 785 1167 difficultates
800 1098 878 1167 belli
893 1102 1039 1186 gerendi,
1055 1121 1139 1183 quas
1153 1122 1252 1186 supra
1270 1110 1434 1170 osten-10

160 1185 265 1234 ΜΨ
280 1184 318 1234 ¹⁰¹
330 1209 447 1282 dimus,
463 1208 522 1272 sed
541 1206 649 1271 multa
669 1205 847 1271 Caesarem
863 1214 976 1271 tamen
995 1205 1039 1270 ad
1063 1206 1098 1270 id
1121 1204 1244 1270 bellum
1264 1206 1381 1270 incita·

328 1313 429 1376 bant:
451 1311 588 1375 iniuriae
603 1319 805 1375 retentorum
822 1310 970 1391 equitum
993 1309 1231 1387 Romanorum,
1246 1308 1408 1373 rebellior

329 1415 417 1480 iacta
433 1423 509 1498 post
531 1414 746 1491 deditionem,
761 1412 907 1479 desectio
928 1413 1017 1478 datis
1040 1414 1221 1495 obsidibus,
1236 1423 1289 1478 tot
1304 1413 1381 1476 civi·

328 1529 437 1584 tatum
452 1518 644 1595 coniuratio,
654 1518 826 1601 imprimis,
839 1538 881 1582 ne
892 1517 955 1582 hac
967 1527 1061 1602 parte
1072 1518 1224 1600 neglecta
1235 1517 1381 1599 reliquae

330 1623 482 1689 nationes
509 1623 572 1688 sibi
604 1622 693 1687 idem
726 1621 824 1687 licere
853 1621 1099 1687 arbitrarentur.
1156 1623 1276 1704 Itaque
1305 1642 1409 1695 cums

329 1726 547 1811 intellegeret,
562 1746 680 1792 omnes
695 1724 764 1792 iere
781 1725 896 1791 Gallos
911 1726 1004 1791 novis
1026 1726 1126 1789 rebus
1141 1726 1274 1790 studere
1289 1735 1323 1790 et
1338 1726 1381 1791 ad

330 1830 455 1896 bellum
494 1829 662 1896 mobiliter
699 1830 913 1911 celeriterque
942 1830 1091 1907 excitari,
1121 1849 1238 1894 omnes
1268 1837 1380 1893 autem

328 1935 479 2001 homines
503 1945 621 1998 natura
644 1934 787 1998 libertati
810 1935 946 1998 studere
969 1943 1003 1998 et
1026 1933 1254 1999 condicionem
1278 1934 1380 1997 servi·

328 2041 410 2104 tutis
447 2039 567 2118 odisse,
595 2038 788 2122 priusquam
826 2036 936 2121 plures
965 2037 1117 2102 civitates
1146 2036 1381 2120 conspirarent,

327 2142 539 2228 partiendum
576 2141 639 2206 sibi
676 2161 715 2205 ac
752 2140 853 2206 latius
888 2140 1154 2205 distribuendum
1195 2141 1379 2205 exercitum

329 2247 469 2331 putavit

162 2373 203 2422 He
216 2379 318 2424 mum
375 2352 495 2433 Itaque
522 2349 641 2414 Titum
668 2347 857 2414 Labienum
886 2346 1034 2432 legatum
1065 2349 1099 2413 in
1124 2349 1297 2426 Treveros,
1323 2349 1427 2430 quin

160 2439 290 2555 ἓξὲξ
331 2455 478 2540 proximi
494 2453 620 2518 flumini
637 2452 758 2518 Rheno
775 2461 956 2527 surrectus
971 2454 1121 2535 equitatu
1136 2453 1250 2518 mittit,
1292 2453 1409 2516 Huic,

160 2571 225 2635 keep
236 2570 278 2621 the

161 2635 241 2685 Ganls
252 2635 278 2686 in

160 2701 245 2752 check.

332 2560 478 2635 mandat,
494 2558 622 2623 Remos
636 2557 848 2638 reliquosque
857 2556 978 2640 Belgas
992 2559 1092 2623 adeat
1107 2566 1206 2639 atque
1223 2558 1256 2621 in
1272 2556 1382 2623 officio

331 2664 501 2730 contineat
526 2662 788 2744 Germanosque,
812 2661 870 2743 qui
901 2661 1028 2727 auxilio
1050 2681 1071 2726 a
1094 2661 1206 2745 Belgis
1235 2663 1381 2726 arcessiti

330 2766 533 2845 dicebantur,
548 2767 576 2831 si
592 2787 652 2851 per
665 2766 735 2830 vim
750 2767 892 2830 navibus
912 2764 1036 2830 flumen
1056 2766 1196 2830 transire
1213 2775 1382 2840 conentur,

330 2869 515 2955 prohibeat.
549 2870 705 2935 Publium
721 2869 878 2935 Crassum
893 2889 971 2935 cum
985 2870 1179 2936 cohortibus
1194 2868 1409 2954 legionariiss

330 2987 386 3038 ΧΠ
401 2982 435 3038 et
450 2993 573 3056 magno
590 2992 728 3038 numero
747 2974 918 3055 equitatus
932 2973 966 3037 in
982 2973 1204 3057 Aquitaniam
1220 2973 1381 3056 proficisci

330 3077 431 3153 iubet,
447 3095 489 3140 ne
505 3096 550 3140 ex
565 3077 617 3140 his
633 3075 824 3140 nationibus
846 3075 971 3141 auxilia
992 3077 1026 3139 in
1043 3076 1186 3140 Galliam
1207 3077 1383 3141 mittantur

329 3201 370 3248 ac
396 3191 510 3246 tantae
533 3180 683 3244 nationes
711 3180 966 3263 coniungantur.
1020 3179 1185 3263 Quintum
1215 3179 1412 3246 Titurium4

331 3286 495 3357 Sabinum
525 3283 673 3369 legatum
701 3303 778 3348 cum
808 3283 995 3369 legionibus
1023 3286 1130 3350 tribus
1154 3286 1188 3349 in
1214 3284 1383 3363 Venellos,

332 3390 547 3458 Curiosolites
578 3388 815 3471 Lexoviosque
839 3389 950 3465 mittit,
973 3390 1030 3473 qui
1053 3410 1128 3455 earn
1151 3411 1286 3455 manum
1314 3393 1381 3457 dis·

331 3497 503 3560 tinendam
519 3503 621 3558 curet.
666 3492 844 3559 Decimum
866 3493 1006 3558 Brutum
1022 3494 1269 3559 adulescentem
1285 3495 1410 3567 classis

363 3668 544 3716 Ambiliatos.
568 3664 623 3713 The
632 3663 741 3730 position
748 3662 834 3714 oitbir
881 3664 949 3716 lived
961 3664 987 3714 in
995 3665 1064 3716 what
1074 3665 1096 3716 ir
1108 3665 1215 3717 nonthe
1226 3666 1382 3732 departmert

331 3731 500 3795 tribeisquite
511 3729 647 3780 uncertain.
665 3728 834 3780 Giilerwould
882 3730 913 3782 oi
920 3731 1051 3797 Mayenne.

331 3796 404 3861 place
431 3796 500 3845 them
527 3804 554 3846 at
579 3795 711 3845 Lamballe
735 3795 762 3845 ln
790 3796 834 3845 the
916 3801 959 3847 10.
977 3801 991 3857 5
1012 3811 1033 3845 a.
1056 3801 1178 3847 iniuriae
1196 3804 1380 3856 necatorum,

302 3859 546 3912 'Cbter-du-Nord.
593 3860 739 3924 Derjardins
774 3860 834 3912 here
882 3866 929 3912 tc.
944 3862 1001 3912 ‘the
1017 3879 1104 3927 wrong
1120 3864 1186 3913 done
1201 3862 1381 3926 byretrinlng!

330 3926 402 3977 reads
415 3925 596 3989 ‘Ambivariti’
605 3927 689 3978 whom
701 3925 835 3978 uelociter
883 3929 931 3993 Cp.
945 3928 971 3988 8,
983 3933 996 3987 5
1010 3928 1178 3989 3⁴rettnendt

330 3991 570 4042 abotthi-rancus
917 3997 931 4053 5
953 4006 977 4055 3.
1001 3997 1175 4043 annectere
1195 3995 1299 4043 Gallos
1333 3992 1383 4058 Cp.

364 4059 549 4106 Dlsblintres.
593 4056 649 4107 The
679 4057 834 4108 Dlnbllntres
883 4059 908 4119 8,
923 4061 937 4118 5
949 4061 1016 4120 3‘ut
1028 4066 1084 4108 sunt
1096 4056 1245 4118 Gallorum:
1255 4061 1303 4107 &c

332 4139 362 4175 or
373 4121 514 4172 Diablintes
528 4138 570 4173 are
586 4122 753 4188 supposedto
769 4124 834 4174 bare
916 4128 955 4174 it
985 4128 998 4184 5
1027 4139 1052 4189 5.
1080 4127 1227 4175 Decimum
1253 4126 1384 4174 Brutum.
