3234 5134
382 618 444 684 230
726 609 755 662 c.
781 610 879 662 rum
900 609 1089 663 cassrnrs
1342 608 1406 676 [κ
1419 624 1455 674 3.

382 771 456 840 loca
470 770 694 837 vicinitatibus
709 781 803 839 erant
818 781 908 852 nota,
924 792 1148 858 magnamque
1162 792 1213 837 res
1226 770 1449 855 diligentiam

384 874 571 959 requirebat
585 896 652 941 non
668 876 702 941 in
719 897 851 943 summa
868 877 1033 944 exercitus
1048 878 1172 942 tuenda
1185 873 1331 962 (nullum
1350 878 1448 941 enim

384 988 516 1063 poterat
547 980 704 1046 universis
732 1001 753 1046 a
782 981 959 1064 perterritis
995 1001 1035 1046 ac
1070 980 1225 1063 dispersis
1254 980 1449 1063 periculum

384 1076 554 1167 accidere),
578 1082 639 1147 sed
665 1081 698 1147 in
721 1081 857 1165 singulis
880 1081 1039 1147 militibus
1068 1081 1322 1157 conservandis3
1354 1101 1449 1164 quae

384 1193 497 1248 tamen
527 1205 571 1251 ex
603 1196 698 1269 parte
727 1206 778 1250 res
807 1187 852 1250 ad
882 1185 1023 1251 salutem
1053 1186 1216 1251 exercitus
1238 1184 1448 1267 pertinebat

385 1286 475 1353 Nam
498 1298 532 1354 et
555 1289 699 1373 praedae
720 1289 885 1372 cupiditas
907 1288 1032 1355 multos
1057 1289 1187 1373 longius
1208 1289 1385 1365 evocabat,
1410 1301 1473 1362 etr

385 1391 487 1459 silvae
508 1393 640 1459 incertis
660 1393 863 1477 occultisque
880 1392 1047 1458 itineribus
1066 1392 1230 1458 consertos
1245 1393 1341 1457 adire
1362 1413 1446 1475 pro-

384 1497 553 1562 hibebant
599 1497 635 1563 Si
665 1498 836 1582 negotium
873 1496 992 1563 confici
1028 1497 1229 1581 stirpemque
1263 1495 1472 1573 hominum5

385 1600 617 1667 sceleratorum
641 1601 779 1667 interfici
802 1600 912 1681 vellet,
937 1600 1153 1668 dimittendae
1181 1599 1292 1684 plures
1319 1621 1447 1666 manus

385 1704 630 1791 diducendique
644 1716 738 1772 erant
754 1705 896 1785 milites;
921 1706 950 1771 si
970 1706 1139 1771 continere
1152 1706 1196 1770 ad
1214 1705 1310 1789 signa
1331 1706 1472 1768 mani-⁶

386 1810 481 1892 pulos
503 1810 613 1885 vellet,
636 1821 673 1876 ut
697 1811 847 1876 instituta
872 1810 958 1874 ratio
979 1819 1014 1874 et
1039 1809 1245 1875 consuetudo
1267 1810 1446 1875 exercitus

386 1914 530 1979 Romani
553 1914 754 1999 postulabat,
779 1913 872 1980 locus
896 1915 968 1997 ipse
992 1924 1065 1979 erat
1087 1913 1252 1996 praesidio
1276 1912 1445 1991 barbaris,

385 2033 493 2097 neque
511 2034 555 2078 ex
578 2013 708 2079 occulto
731 2013 906 2079 insidiandi
922 2023 957 2078 et
978 2013 1143 2096 dispersos
1161 2011 1443 2078 circumveniendi

384 2117 519 2202 singulis
539 2117 653 2183 deerat
673 2117 822 2183 audacia.
868 2117 918 2183 Ut
940 2117 974 2181 in
995 2117 1156 2183 eiusmodi
1177 2114 1469 2195 difficultatrbust

384 2232 545 2304 quantum
575 2219 745 2304 diligentia
774 2219 938 2304 provideri
968 2228 1109 2305 poterat,
1132 2220 1376 2302 providebatur,
1400 2231 1442 2285 ut

384 2326 494 2409 potius
508 2326 540 2388 in
555 2326 707 2389 nocendo
722 2324 846 2408 aliquid
868 2323 1194 2408 praetermitteretur,
1207 2323 1270 2388 etsi
1284 2324 1441 2389 omnium

384 2429 486 2493 animi
521 2430 565 2494 ad
599 2427 825 2495 ulciscendum
861 2428 1030 2506 ardebant,
1066 2449 1168 2512 quam
1207 2447 1283 2491 cum
1320 2427 1441 2511 aliquo

218 2544 336 2620 Thent-
386 2533 527 2598 militum
561 2533 759 2599 detrimento
788 2542 970 2597 noceretur.
1027 2531 1176 2597 Dimittit
1204 2532 1248 2597 ad
1278 2530 1468 2596 finitimass

216 2608 340 2724 2⁰:³¹²ss
384 2638 534 2703 civitates
556 2638 691 2702 nuntios
708 2637 847 2704 Caesar:
869 2656 984 2702 omnes
1004 2646 1122 2701 evocat
1144 2655 1204 2719 spe
1225 2637 1371 2719 praedae
1391 2638 1438 2701 ad

217 2739 349 2789 invitedto
385 2740 586 2826 diripiendos
609 2741 793 2820 Eburones,
809 2750 846 2805 nt
869 2741 981 2825 potius
1003 2740 1036 2803 in
1060 2740 1149 2805 silvis
1172 2739 1342 2805 Gallorum
1367 2741 1439 2803 vita

216 2803 373 2920 iliam
384 2864 486 2927 quarn
514 2844 712 2929 legionarius
742 2845 837 2910 miles
869 2844 1081 2929 periclitetur,
1110 2843 1207 2908 simul
1244 2853 1281 2908 ut
1312 2863 1438 2926 magna

218 2937 352 2986 Eburones
385 2945 598 3014 multitudine
612 2949 808 3015 circumfusa
823 2969 885 3034 pro
899 2947 958 3013 tali
977 2948 1119 3013 facinore
1138 2948 1236 3033 stirps
1250 2967 1290 3012 ac
1312 2968 1438 3013 nomen

384 3051 528 3117 civitatis
556 3051 701 3118 tollatur.
746 3053 892 3137 Magnus
922 3053 1067 3135 undique
1102 3072 1257 3117 numerus
1286 3050 1467 3124 celeritero

385 3156 544 3223 convenit.

218 3273 272 3353 'rue
430 3261 523 3326 Haec
539 3261 572 3325 in
588 3261 739 3327 omnibus
756 3261 949 3325 Eburonum
965 3260 1115 3345 partibus
1129 3258 1337 3344 gerebantur,
1347 3260 1436 3325 dies·
1449 3279 1490 3335 ns

216 3341 355 3470 ssfflo
386 3387 451 3450 que
480 3365 661 3451 appetebat
696 3365 866 3450 septimus,
894 3385 994 3448 quem
1032 3366 1076 3429 ad
1111 3365 1200 3429 diem
1230 3362 1354 3429 Caesar
1390 3366 1434 3430 ad

217 3469 337 3535 &0⁸90ss
385 3470 620 3553 impedimenta
657 3470 888 3556 legionemque
925 3469 1041 3534 reverti
1079 3468 1304 3533 constituerat.
1359 3468 1465 3546 Hier

218 3535 318 3650 {¹2ssss
385 3586 544 3656 quantum
561 3576 594 3639 in
608 3574 696 3640 bello
711 3574 843 3639 fortuna
859 3574 964 3657 possit
982 3582 1017 3638 et
1031 3581 1176 3657 quantos
1192 3572 1310 3638 afferat
1328 3592 1437 3652 casus,

216 3666 372 3782 lffinlln
385 3680 540 3761 cognosci
570 3680 690 3763 potuit.
737 3679 913 3764 Dissipatis
936 3697 976 3743 ac
1006 3676 1187 3762 perterritis
1215 3675 1374 3754 hostibus,
1399 3688 1467 3752 ut3

217 3812 300 3860 camp,
385 3783 691 3862 demonstravimus,
715 3805 833 3850 manus
854 3791 926 3849 erat
947 3782 1045 3861 nulla,
1066 3801 1150 3864 quae
1173 3801 1309 3864 parvam
1332 3781 1436 3845 modo

385 3904 519 3954 causam
541 3887 669 3953 timoris
690 3889 831 3954 afferret.
875 3887 984 3951 Trans
1006 3885 1161 3950 Rhenum
1184 3886 1229 3949 ad
1251 3883 1467 3954 Germanou

419 4048 432 4105 ς
452 4059 476 4109 3.
491 4049 696 4097 vidmtsubu
730 4046 895 4099 Abstractr'or
911 4056 1032 4106 concrete,
1050 4061 1078 4096 as
1095 4046 1120 4096 in
1138 4045 1180 4097 the
1198 4060 1255 4097 case
1272 4044 1302 4097 ol
1317 4059 1363 4095 our
1377 4059 1436 4094 own

385 4111 455 4162 word
465 4114 472 4139 ‘
483 4110 720 4178 neighbourhoods'
