<?xml version="1.0" encoding="UTF-8"?>
<!DOCTYPE html PUBLIC "-//W3C//DTD XHTML 1.0 Transitional//EN"
    "http://www.w3.org/TR/xhtml1/DTD/xhtml1-transitional.dtd">
<html xmlns="http://www.w3.org/1999/xhtml" xml:lang="en" lang="en">
 <head>
  <title>
</title>
<meta http-equiv="Content-Type" content="text/html;charset=utf-8" />
  <meta name='ocr-system' content='tesseract 3.04.00' />
  <meta name='ocr-capabilities' content='ocr_page ocr_carea ocr_par ocr_line ocrx_word'/>
</head>
<body>
  <div class='ocr_page' id='page_1' title='image "./debellogallicob00stocgoog_0404.png"; bbox 0 0 3234 5134; ppageno 0'>
   <div class='ocr_carea' id='block_1_1' title="bbox 357 593 1404 662">
    <p class='ocr_par' dir='ltr' id='par_1_1' title="bbox 357 593 1404 662">
     <span class='ocr_line' id='line_1_1' title="bbox 357 593 1404 662; baseline 0.004 -20"><span class='ocrx_word' id='word_1_1' title='bbox 357 598 415 661; x_wconf 82' lang='lat'><strong>174</strong></span> <span class='ocrx_word' id='word_1_2' title='bbox 707 593 737 647; x_wconf 90' lang='lat' dir='ltr'><strong>c.</strong></span> <span class='ocrx_word' id='word_1_3' title='bbox 762 593 859 646; x_wconf 78' lang='lat' dir='ltr'><strong>mun</strong></span> <span class='ocrx_word' id='word_1_4' title='bbox 882 594 1070 648; x_wconf 63' lang='lat' dir='ltr'><strong>ansanus</strong></span> <span class='ocrx_word' id='word_1_5' title='bbox 1300 596 1356 662; x_wconf 77' lang='lat' dir='ltr'><strong>[uo.</strong></span> <span class='ocrx_word' id='word_1_6' title='bbox 1370 610 1404 645; x_wconf 79' lang='lat'><strong>2-</strong></span> 
     </span>
    </p>
   </div>
   <div class='ocr_carea' id='block_1_2' title="bbox 185 757 1451 2198">
    <p class='ocr_par' dir='ltr' id='par_1_2' title="bbox 354 757 1431 1658">
     <span class='ocr_line' id='line_1_2' title="bbox 354 757 1402 843; baseline 0 -21"><span class='ocrx_word' id='word_1_7' title='bbox 354 758 442 822; x_wconf 91' lang='lat' dir='ltr'><strong>sulto</strong></span> <span class='ocrx_word' id='word_1_8' title='bbox 458 757 651 841; x_wconf 90' lang='lat' dir='ltr'><strong>plerumque</strong></span> <span class='ocrx_word' id='word_1_9' title='bbox 673 760 832 826; x_wconf 77' lang='lat' dir='ltr'>cederent</span> <span class='ocrx_word' id='word_1_10' title='bbox 846 769 889 840; x_wconf 90' lang='lat' dir='ltr'><strong>et,</strong></span> <span class='ocrx_word' id='word_1_11' title='bbox 904 780 980 826; x_wconf 90' lang='lat' dir='ltr'><strong>cum</strong></span> <span class='ocrx_word' id='word_1_12' title='bbox 997 757 1133 843; x_wconf 91' lang='lat' dir='ltr'><strong>paulum</strong></span> <span class='ocrx_word' id='word_1_13' title='bbox 1154 760 1198 825; x_wconf 90' lang='lat' dir='ltr'><strong>ab</strong></span> <span class='ocrx_word' id='word_1_14' title='bbox 1219 758 1402 843; x_wconf 84' lang='lat' dir='ltr'><strong>legionibus</strong></span> 
     </span>
     <span class='ocr_line' id='line_1_3' title="bbox 355 862 1400 947; baseline 0.002 -22"><span class='ocrx_word' id='word_1_15' title='bbox 355 870 485 926; x_wconf 89' lang='lat' dir='ltr'><strong>nostros</strong></span> <span class='ocrx_word' id='word_1_16' title='bbox 514 862 737 938; x_wconf 83' lang='lat' dir='ltr'><strong>removissent,</strong></span> <span class='ocrx_word' id='word_1_17' title='bbox 765 885 811 928; x_wconf 88' lang='lat' dir='ltr'><strong>ex</strong></span> <span class='ocrx_word' id='word_1_18' title='bbox 839 864 962 929; x_wconf 77' lang='lat' dir='ltr'>essedis</span> <span class='ocrx_word' id='word_1_19' title='bbox 991 864 1161 930; x_wconf 84' lang='lat' dir='ltr'>desilirent</span> <span class='ocrx_word' id='word_1_20' title='bbox 1190 873 1226 930; x_wconf 89' lang='lat' dir='ltr'><strong>et</strong></span> <span class='ocrx_word' id='word_1_21' title='bbox 1259 864 1400 947; x_wconf 88' lang='lat' dir='ltr'><strong>pedibus</strong></span> 
     </span>
     <span class='ocr_line' id='line_1_4' title="bbox 355 965 1429 1052; baseline 0.007 -24"><span class='ocrx_word' id='word_1_22' title='bbox 355 965 478 1048; x_wconf 83' lang='lat' dir='ltr'>dispari</span> <span class='ocrx_word' id='word_1_23' title='bbox 505 966 631 1050; x_wconf 91' lang='lat' dir='ltr'><strong>proelio</strong></span> <span class='ocrx_word' id='word_1_24' title='bbox 659 968 907 1034; x_wconf 82' lang='lat' dir='ltr'><strong>contenderent.</strong></span> <span class='ocrx_word' id='word_1_25' title='bbox 952 966 1124 1052; x_wconf 86' lang='lat' dir='ltr'><strong>Equestris</strong></span> <span class='ocrx_word' id='word_1_26' title='bbox 1147 977 1260 1033; x_wconf 90' lang='lat' dir='ltr'><strong>autem</strong></span> <span class='ocrx_word' id='word_1_27' title='bbox 1285 967 1429 1050; x_wconf 71' lang='lat' dir='ltr'><strong>proeliiz</strong></span> 
     </span>
     <span class='ocr_line' id='line_1_5' title="bbox 354 1070 1400 1156; baseline 0.002 -22"><span class='ocrx_word' id='word_1_28' title='bbox 354 1070 440 1136; x_wconf 88' lang='lat' dir='ltr'><strong>ratio</strong></span> <span class='ocrx_word' id='word_1_29' title='bbox 455 1080 489 1136; x_wconf 92' lang='lat' dir='ltr'><strong>et</strong></span> <span class='ocrx_word' id='word_1_30' title='bbox 502 1072 695 1137; x_wconf 84' lang='lat' dir='ltr'><strong>cedentibus</strong></span> <span class='ocrx_word' id='word_1_31' title='bbox 710 1072 778 1138; x_wconf 84' lang='lat' dir='ltr'><strong>illis</strong></span> <span class='ocrx_word' id='word_1_32' title='bbox 791 1083 826 1137; x_wconf 92' lang='lat' dir='ltr'><strong>et</strong></span> <span class='ocrx_word' id='word_1_33' title='bbox 849 1073 1097 1156; x_wconf 86' lang='lat' dir='ltr'><strong>insequentibus</strong></span> <span class='ocrx_word' id='word_1_34' title='bbox 1113 1093 1174 1156; x_wconf 85' lang='lat' dir='ltr'><strong>par</strong></span> <span class='ocrx_word' id='word_1_35' title='bbox 1192 1084 1295 1156; x_wconf 91' lang='lat' dir='ltr'><strong>atque</strong></span> <span class='ocrx_word' id='word_1_36' title='bbox 1310 1071 1400 1136; x_wconf 87' lang='lat' dir='ltr'><strong>idem</strong></span> 
     </span>
     <span class='ocr_line' id='line_1_6' title="bbox 355 1173 1431 1259; baseline 0.008 -21"><span class='ocrx_word' id='word_1_37' title='bbox 355 1173 536 1257; x_wconf 88' lang='lat' dir='ltr'><strong>periculum</strong></span> <span class='ocrx_word' id='word_1_38' title='bbox 573 1175 742 1243; x_wconf 81' lang='lat' dir='ltr'><strong>inferebat</strong></span> <span class='ocrx_word' id='word_1_39' title='bbox 801 1177 995 1243; x_wconf 81' lang='lat' dir='ltr'><strong>Accedebat</strong></span> <span class='ocrx_word' id='word_1_40' title='bbox 1032 1177 1107 1255; x_wconf 90' lang='lat' dir='ltr'><strong>huc,</strong></span> <span class='ocrx_word' id='word_1_41' title='bbox 1142 1186 1179 1242; x_wconf 91' lang='lat' dir='ltr'><strong>ut</strong></span> <span class='ocrx_word' id='word_1_42' title='bbox 1217 1196 1431 1259; x_wconf 69' lang='lat' dir='ltr'><strong>numquamr</strong></span> 
     </span>
     <span class='ocr_line' id='line_1_7' title="bbox 355 1279 1399 1364; baseline 0 -19"><span class='ocrx_word' id='word_1_43' title='bbox 355 1279 499 1358; x_wconf 84' lang='lat' dir='ltr'><strong>conserti,</strong></span> <span class='ocrx_word' id='word_1_44' title='bbox 528 1280 586 1346; x_wconf 90' lang='lat' dir='ltr'><strong>sed</strong></span> <span class='ocrx_word' id='word_1_45' title='bbox 616 1281 679 1346; x_wconf 86' lang='lat' dir='ltr'><strong>rari</strong></span> <span class='ocrx_word' id='word_1_46' title='bbox 717 1281 913 1364; x_wconf 85' lang='lat' dir='ltr'><strong>magnisque</strong></span> <span class='ocrx_word' id='word_1_47' title='bbox 942 1281 1122 1347; x_wconf 85' lang='lat' dir='ltr'><strong>intervallis</strong></span> <span class='ocrx_word' id='word_1_48' title='bbox 1159 1281 1399 1364; x_wconf 83' lang='lat' dir='ltr'><strong>proeliarentur</strong></span> 
     </span>
     <span class='ocr_line' id='line_1_8' title="bbox 354 1384 1399 1470; baseline 0.001 -23"><span class='ocrx_word' id='word_1_49' title='bbox 354 1384 581 1468; x_wconf 87' lang='lat' dir='ltr'><strong>stationesque</strong></span> <span class='ocrx_word' id='word_1_50' title='bbox 602 1385 779 1469; x_wconf 88' lang='lat' dir='ltr'><strong>dispositas</strong></span> <span class='ocrx_word' id='word_1_51' title='bbox 801 1385 972 1465; x_wconf 86' lang='lat' dir='ltr'><strong>haberent,</strong></span> <span class='ocrx_word' id='word_1_52' title='bbox 995 1395 1096 1470; x_wconf 87' lang='lat' dir='ltr'><strong>atque</strong></span> <span class='ocrx_word' id='word_1_53' title='bbox 1118 1386 1203 1451; x_wconf 89' lang='lat' dir='ltr'><strong>alios</strong></span> <span class='ocrx_word' id='word_1_54' title='bbox 1228 1385 1284 1449; x_wconf 91' lang='lat' dir='ltr'><strong>alii</strong></span> <span class='ocrx_word' id='word_1_55' title='bbox 1308 1386 1399 1450; x_wconf 92' lang='lat' dir='ltr'><strong>dein·</strong></span> 
     </span>
     <span class='ocr_line' id='line_1_9' title="bbox 354 1488 1400 1574; baseline 0 -20"><span class='ocrx_word' id='word_1_56' title='bbox 354 1508 433 1570; x_wconf 89' lang='lat' dir='ltr'><strong>ceps</strong></span> <span class='ocrx_word' id='word_1_57' title='bbox 454 1488 654 1573; x_wconf 84' lang='lat' dir='ltr'><strong>exciperent,</strong></span> <span class='ocrx_word' id='word_1_58' title='bbox 677 1489 859 1573; x_wconf 82' lang='lat' dir='ltr'><strong>integrique</strong></span> <span class='ocrx_word' id='word_1_59' title='bbox 881 1501 915 1554; x_wconf 88' lang='lat' dir='ltr'><strong>et</strong></span> <span class='ocrx_word' id='word_1_60' title='bbox 944 1499 1092 1555; x_wconf 87' lang='lat' dir='ltr'><strong>recentes</strong></span> <span class='ocrx_word' id='word_1_61' title='bbox 1117 1488 1306 1574; x_wconf 83' lang='lat' dir='ltr'><strong>defatigatis</strong></span> <span class='ocrx_word' id='word_1_62' title='bbox 1328 1509 1400 1554; x_wconf 91' lang='lat' dir='ltr'><strong>suc-</strong></span> 
     </span>
     <span class='ocr_line' id='line_1_10' title="bbox 354 1594 519 1658; baseline -0.024 0"><span class='ocrx_word' id='word_1_63' title='bbox 354 1594 519 1658; x_wconf 88' lang='lat' dir='ltr'><strong>cederent.</strong></span> 
     </span>
    </p>

    <p class='ocr_par' dir='ltr' id='par_1_3' title="bbox 185 1695 1451 1785">
     <span class='ocr_line' id='line_1_11' title="bbox 185 1695 1451 1785; baseline 0.009 -29"><span class='ocrx_word' id='word_1_64' title='bbox 185 1707 344 1785; x_wconf 69' lang='lat' dir='ltr'><strong>Theuntons</strong></span> <span class='ocrx_word' id='word_1_65' title='bbox 399 1697 536 1762; x_wconf 87' lang='lat' dir='ltr'><strong>Postero</strong></span> <span class='ocrx_word' id='word_1_66' title='bbox 562 1696 616 1762; x_wconf 89' lang='lat' dir='ltr'><strong>die</strong></span> <span class='ocrx_word' id='word_1_67' title='bbox 639 1696 752 1781; x_wconf 90' lang='lat' dir='ltr'><strong>procul</strong></span> <span class='ocrx_word' id='word_1_68' title='bbox 775 1719 795 1762; x_wconf 86' lang='lat' dir='ltr'><strong>a</strong></span> <span class='ocrx_word' id='word_1_69' title='bbox 817 1697 933 1763; x_wconf 87' lang='lat' dir='ltr'><strong>castris</strong></span> <span class='ocrx_word' id='word_1_70' title='bbox 959 1698 1071 1763; x_wconf 88' lang='lat' dir='ltr'><strong>hostes</strong></span> <span class='ocrx_word' id='word_1_71' title='bbox 1098 1698 1130 1761; x_wconf 93' lang='lat' dir='ltr'><strong>in</strong></span> <span class='ocrx_word' id='word_1_72' title='bbox 1157 1695 1297 1764; x_wconf 90' lang='lat' dir='ltr'><strong>collibus</strong></span> <span class='ocrx_word' id='word_1_73' title='bbox 1321 1712 1451 1767; x_wconf 79' lang='lat' dir='ltr'><strong>con-17</strong></span> 
     </span>
    </p>

    <p class='ocr_par' dir='ltr' id='par_1_4' title="bbox 186 1773 1401 1900">
     <span class='ocr_line' id='line_1_12' title="bbox 186 1773 1401 1900; baseline -0.001 -34"><span class='ocrx_word' id='word_1_74' title='bbox 186 1773 320 1900; x_wconf 41' lang='grc' dir='ltr'><strong>ἓξὲξ,</strong></span> <span class='ocrx_word' id='word_1_75' title='bbox 355 1801 509 1868; x_wconf 90' lang='lat' dir='ltr'><strong>stiterunt</strong></span> <span class='ocrx_word' id='word_1_76' title='bbox 535 1802 664 1896; x_wconf 76' lang='lat' dir='ltr'><strong>rarique</strong></span> <span class='ocrx_word' id='word_1_77' title='bbox 692 1823 728 1867; x_wconf 89' lang='lat' dir='ltr'><strong>se</strong></span> <span class='ocrx_word' id='word_1_78' title='bbox 756 1803 931 1868; x_wconf 86' lang='lat' dir='ltr'><strong>ostendere</strong></span> <span class='ocrx_word' id='word_1_79' title='bbox 960 1812 995 1868; x_wconf 89' lang='lat' dir='ltr'><strong>et</strong></span> <span class='ocrx_word' id='word_1_80' title='bbox 1024 1800 1129 1867; x_wconf 88' lang='lat' dir='ltr'><strong>lenius</strong></span> <span class='ocrx_word' id='word_1_81' title='bbox 1161 1822 1263 1885; x_wconf 87' lang='lat' dir='ltr'><strong>quam</strong></span> <span class='ocrx_word' id='word_1_82' title='bbox 1293 1801 1401 1885; x_wconf 88' lang='lat' dir='ltr'><strong>pridie</strong></span> 
     </span>
    </p>

    <p class='ocr_par' dir='ltr' id='par_1_5' title="bbox 186 1904 1429 2198">
     <span class='ocr_line' id='line_1_13' title="bbox 186 1904 1429 1991; baseline -0.002 -22"><span class='ocrx_word' id='word_1_83' title='bbox 186 1921 227 1955; x_wconf 74' lang='lat'><strong>¹¹0</strong></span> <span class='ocrx_word' id='word_1_84' title='bbox 238 1904 332 1956; x_wconf 76' lang='lat' dir='ltr'><strong>rouen.</strong></span> <span class='ocrx_word' id='word_1_85' title='bbox 355 1915 484 1971; x_wconf 90' lang='lat' dir='ltr'><strong>nostros</strong></span> <span class='ocrx_word' id='word_1_86' title='bbox 499 1908 626 1989; x_wconf 86' lang='lat' dir='ltr'><strong>equites</strong></span> <span class='ocrx_word' id='word_1_87' title='bbox 641 1905 767 1989; x_wconf 86' lang='lat' dir='ltr'><strong>proelio</strong></span> <span class='ocrx_word' id='word_1_88' title='bbox 778 1906 938 1972; x_wconf 88' lang='lat' dir='ltr'><strong>lacessere</strong></span> <span class='ocrx_word' id='word_1_89' title='bbox 949 1915 1139 1991; x_wconf 86' lang='lat' dir='ltr'><strong>coeperunt.</strong></span> <span class='ocrx_word' id='word_1_90' title='bbox 1171 1905 1238 1971; x_wconf 85' lang='lat' dir='ltr'><strong>Sed</strong></span> <span class='ocrx_word' id='word_1_91' title='bbox 1252 1907 1398 1981; x_wconf 89' lang='lat' dir='ltr'><strong>meridie,</strong></span> <span class='ocrx_word' id='word_1_92' title='bbox 1416 1934 1429 1967; x_wconf 66' lang='grc' dir='ltr'><em>ι</em></span> 
     </span>
     <span class='ocr_line' id='line_1_14' title="bbox 354 2007 1398 2095; baseline -0.001 -21"><span class='ocrx_word' id='word_1_93' title='bbox 354 2030 430 2074; x_wconf 89' lang='lat' dir='ltr'><strong>cum</strong></span> <span class='ocrx_word' id='word_1_94' title='bbox 447 2007 568 2074; x_wconf 89' lang='lat' dir='ltr'><strong>Caesar</strong></span> <span class='ocrx_word' id='word_1_95' title='bbox 582 2007 762 2093; x_wconf 87' lang='lat' dir='ltr'><strong>pabulandi</strong></span> <span class='ocrx_word' id='word_1_96' title='bbox 781 2030 880 2075; x_wconf 84' lang='lat' dir='ltr'><strong>causa</strong></span> <span class='ocrx_word' id='word_1_97' title='bbox 895 2020 962 2076; x_wconf 89' lang='lat' dir='ltr'><strong>tres</strong></span> <span class='ocrx_word' id='word_1_98' title='bbox 980 2010 1126 2095; x_wconf 84' lang='lat' dir='ltr'><strong>legiones</strong></span> <span class='ocrx_word' id='word_1_99' title='bbox 1141 2019 1244 2093; x_wconf 88' lang='lat' dir='ltr'><strong>atque</strong></span> <span class='ocrx_word' id='word_1_100' title='bbox 1265 2031 1398 2075; x_wconf 90' lang='lat' dir='ltr'><strong>omnem</strong></span> 
     </span>
     <span class='ocr_line' id='line_1_15' title="bbox 353 2112 1400 2198; baseline 0 -20"><span class='ocrx_word' id='word_1_101' title='bbox 353 2115 537 2196; x_wconf 87' lang='lat' dir='ltr'><strong>equitatum</strong></span> <span class='ocrx_word' id='word_1_102' title='bbox 559 2133 635 2178; x_wconf 90' lang='lat' dir='ltr'><strong>cum</strong></span> <span class='ocrx_word' id='word_1_103' title='bbox 659 2112 744 2177; x_wconf 88' lang='lat' dir='ltr'><strong>Gaio</strong></span> <span class='ocrx_word' id='word_1_104' title='bbox 766 2113 933 2179; x_wconf 86' lang='lat' dir='ltr'><strong>Trebonio</strong></span> <span class='ocrx_word' id='word_1_105' title='bbox 956 2114 1066 2197; x_wconf 89' lang='lat' dir='ltr'><strong>legato</strong></span> <span class='ocrx_word' id='word_1_106' title='bbox 1090 2114 1244 2191; x_wconf 89' lang='lat' dir='ltr'><strong>misisset,</strong></span> <span class='ocrx_word' id='word_1_107' title='bbox 1265 2125 1400 2198; x_wconf 88' lang='lat' dir='ltr'><strong>repente</strong></span> 
     </span>
    </p>
   </div>
   <div class='ocr_carea' id='block_1_3' title="bbox 354 2216 1399 2301">
    <p class='ocr_par' dir='ltr' id='par_1_6' title="bbox 354 2216 1399 2301">
     <span class='ocr_line' id='line_1_16' title="bbox 354 2216 1399 2301; baseline -0.001 -18"><span class='ocrx_word' id='word_1_108' title='bbox 354 2239 398 2283; x_wconf 89' lang='lat' dir='ltr'><strong>ex</strong></span> <span class='ocrx_word' id='word_1_109' title='bbox 426 2218 579 2283; x_wconf 91' lang='lat' dir='ltr'><strong>omnibus</strong></span> <span class='ocrx_word' id='word_1_110' title='bbox 604 2216 753 2300; x_wconf 90' lang='lat' dir='ltr'><strong>partibus</strong></span> <span class='ocrx_word' id='word_1_111' title='bbox 781 2218 823 2281; x_wconf 91' lang='lat' dir='ltr'><strong>ad</strong></span> <span class='ocrx_word' id='word_1_112' title='bbox 852 2218 1063 2301; x_wconf 85' lang='lat' dir='ltr'><strong>pabulatores</strong></span> <span class='ocrx_word' id='word_1_113' title='bbox 1084 2218 1331 2297; x_wconf 86' lang='lat' dir='ltr'><strong>advolaverunt,</strong></span> <span class='ocrx_word' id='word_1_114' title='bbox 1353 2219 1399 2282; x_wconf 89' lang='lat' dir='ltr'><strong>sic</strong></span> 
     </span>
    </p>
   </div>
   <div class='ocr_carea' id='block_1_4' title="bbox 354 2320 1429 2511">
    <p class='ocr_par' dir='ltr' id='par_1_7' title="bbox 354 2320 1429 2511">
     <span class='ocr_line' id='line_1_17' title="bbox 355 2320 1429 2405; baseline 0.001 -20"><span class='ocrx_word' id='word_1_115' title='bbox 355 2323 401 2386; x_wconf 92' lang='lat' dir='ltr'><strong>uti</strong></span> <span class='ocrx_word' id='word_1_116' title='bbox 431 2322 475 2388; x_wconf 87' lang='lat' dir='ltr'><strong>ab</strong></span> <span class='ocrx_word' id='word_1_117' title='bbox 507 2322 606 2405; x_wconf 91' lang='lat' dir='ltr'><strong>signis</strong></span> <span class='ocrx_word' id='word_1_118' title='bbox 644 2320 893 2404; x_wconf 84' lang='lat' dir='ltr'><strong>legionibusque</strong></span> <span class='ocrx_word' id='word_1_119' title='bbox 929 2341 996 2387; x_wconf 90' lang='lat' dir='ltr'><strong>non</strong></span> <span class='ocrx_word' id='word_1_120' title='bbox 1032 2321 1238 2388; x_wconf 89' lang='lat' dir='ltr'><strong>absisterent.</strong></span> <span class='ocrx_word' id='word_1_121' title='bbox 1283 2322 1429 2387; x_wconf 73' lang='lat' dir='ltr'><strong>Nostris</strong></span> 
     </span>
     <span class='ocr_line' id='line_1_18' title="bbox 354 2424 1398 2511; baseline -0.002 -20"><span class='ocrx_word' id='word_1_122' title='bbox 354 2427 472 2492; x_wconf 88' lang='lat' dir='ltr'><strong>acriter</strong></span> <span class='ocrx_word' id='word_1_123' title='bbox 501 2426 534 2490; x_wconf 93' lang='lat' dir='ltr'><strong>in</strong></span> <span class='ocrx_word' id='word_1_124' title='bbox 563 2448 621 2492; x_wconf 88' lang='lat' dir='ltr'><strong>eos</strong></span> <span class='ocrx_word' id='word_1_125' title='bbox 650 2426 775 2511; x_wconf 88' lang='lat' dir='ltr'><strong>impetu</strong></span> <span class='ocrx_word' id='word_1_126' title='bbox 805 2426 894 2492; x_wconf 81' lang='lat' dir='ltr'><strong>iacto</strong></span> <span class='ocrx_word' id='word_1_127' title='bbox 931 2425 1119 2510; x_wconf 88' lang='lat' dir='ltr'><strong>repulerunt</strong></span> <span class='ocrx_word' id='word_1_128' title='bbox 1157 2445 1265 2509; x_wconf 88' lang='lat' dir='ltr'><strong>neque</strong></span> <span class='ocrx_word' id='word_1_129' title='bbox 1298 2424 1398 2489; x_wconf 88' lang='lat' dir='ltr'><strong>finem</strong></span> 
     </span>
    </p>
   </div>
   <div class='ocr_carea' id='block_1_5' title="bbox 184 2528 1453 3644">
    <p class='ocr_par' dir='ltr' id='par_1_8' title="bbox 184 2528 1453 3644">
     <span class='ocr_line' id='line_1_19' title="bbox 354 2528 1399 2614; baseline -0.001 -19"><span class='ocrx_word' id='word_1_130' title='bbox 354 2532 513 2614; x_wconf 87' lang='lat' dir='ltr'><strong>sequendi</strong></span> <span class='ocrx_word' id='word_1_131' title='bbox 535 2529 690 2609; x_wconf 82' lang='lat' dir='ltr'><strong>fecerunt,</strong></span> <span class='ocrx_word' id='word_1_132' title='bbox 715 2531 827 2614; x_wconf 90' lang='lat' dir='ltr'><strong>quoad</strong></span> <span class='ocrx_word' id='word_1_133' title='bbox 853 2530 1003 2596; x_wconf 86' lang='lat' dir='ltr'><strong>subsidio</strong></span> <span class='ocrx_word' id='word_1_134' title='bbox 1029 2528 1143 2595; x_wconf 89' lang='lat' dir='ltr'><strong>confisi</strong></span> <span class='ocrx_word' id='word_1_135' title='bbox 1166 2530 1304 2613; x_wconf 85' lang='lat' dir='ltr'><strong>equites,</strong></span> <span class='ocrx_word' id='word_1_136' title='bbox 1323 2550 1399 2594; x_wconf 90' lang='lat' dir='ltr'><strong>cum</strong></span> 
     </span>
     <span class='ocr_line' id='line_1_20' title="bbox 355 2633 1398 2720; baseline -0.001 -23"><span class='ocrx_word' id='word_1_137' title='bbox 355 2643 432 2720; x_wconf 89' lang='lat' dir='ltr'><strong>post</strong></span> <span class='ocrx_word' id='word_1_138' title='bbox 460 2655 497 2700; x_wconf 91' lang='lat' dir='ltr'><strong>se</strong></span> <span class='ocrx_word' id='word_1_139' title='bbox 523 2633 669 2718; x_wconf 84' lang='lat' dir='ltr'><strong>legiones</strong></span> <span class='ocrx_word' id='word_1_140' title='bbox 694 2635 854 2708; x_wconf 88' lang='lat' dir='ltr'><strong>viderent,</strong></span> <span class='ocrx_word' id='word_1_141' title='bbox 881 2633 1079 2718; x_wconf 87' lang='lat' dir='ltr'><strong>praecipites</strong></span> <span class='ocrx_word' id='word_1_142' title='bbox 1109 2633 1221 2699; x_wconf 91' lang='lat' dir='ltr'><strong>hostes</strong></span> <span class='ocrx_word' id='word_1_143' title='bbox 1252 2644 1398 2717; x_wconf 85' lang='lat' dir='ltr'><strong>egerunt,</strong></span> 
     </span>
     <span class='ocr_line' id='line_1_21' title="bbox 356 2736 1431 2822; baseline -0.004 -20"><span class='ocrx_word' id='word_1_144' title='bbox 356 2758 543 2821; x_wconf 90' lang='lat' dir='ltr'><strong>magnoque</strong></span> <span class='ocrx_word' id='word_1_145' title='bbox 558 2759 672 2803; x_wconf 87' lang='lat' dir='ltr'><strong>eornm</strong></span> <span class='ocrx_word' id='word_1_146' title='bbox 691 2758 828 2803; x_wconf 86' lang='lat' dir='ltr'><strong>numero</strong></span> <span class='ocrx_word' id='word_1_147' title='bbox 847 2737 1018 2804; x_wconf 79' lang='lat' dir='ltr'><strong>interiecto</strong></span> <span class='ocrx_word' id='word_1_148' title='bbox 1032 2757 1141 2821; x_wconf 88' lang='lat' dir='ltr'><strong>neque</strong></span> <span class='ocrx_word' id='word_1_149' title='bbox 1155 2738 1206 2802; x_wconf 91' lang='lat' dir='ltr'><strong>sui</strong></span> <span class='ocrx_word' id='word_1_150' title='bbox 1221 2736 1398 2822; x_wconf 90' lang='lat' dir='ltr'><strong>colligendi</strong></span> <span class='ocrx_word' id='word_1_151' title='bbox 1415 2753 1431 2798; x_wconf 82' lang='grc'><strong>4</strong></span> 
     </span>
     <span class='ocr_line' id='line_1_22' title="bbox 356 2839 1397 2922; baseline 0.002 -19"><span class='ocrx_word' id='word_1_152' title='bbox 356 2861 461 2922; x_wconf 89' lang='lat' dir='ltr'><strong>neque</strong></span> <span class='ocrx_word' id='word_1_153' title='bbox 486 2841 684 2906; x_wconf 88' lang='lat' dir='ltr'><strong>consistendi</strong></span> <span class='ocrx_word' id='word_1_154' title='bbox 707 2852 766 2907; x_wconf 90' lang='lat' dir='ltr'><strong>aut</strong></span> <span class='ocrx_word' id='word_1_155' title='bbox 789 2863 833 2907; x_wconf 88' lang='lat' dir='ltr'><strong>ex</strong></span> <span class='ocrx_word' id='word_1_156' title='bbox 859 2842 982 2907; x_wconf 85' lang='lat' dir='ltr'><strong>essedis</strong></span> <span class='ocrx_word' id='word_1_157' title='bbox 1005 2841 1175 2907; x_wconf 90' lang='lat' dir='ltr'><strong>desiliendi</strong></span> <span class='ocrx_word' id='word_1_158' title='bbox 1205 2839 1397 2905; x_wconf 87' lang='lat' dir='ltr'><strong>facultatem</strong></span> 
     </span>
     <span class='ocr_line' id='line_1_23' title="bbox 354 2944 1428 3030; baseline 0.001 -23"><span class='ocrx_word' id='word_1_159' title='bbox 354 2944 526 3009; x_wconf 87' lang='lat' dir='ltr'><strong>dederunt.</strong></span> <span class='ocrx_word' id='word_1_160' title='bbox 571 2944 628 3008; x_wconf 90' lang='lat' dir='ltr'><strong>Ex</strong></span> <span class='ocrx_word' id='word_1_161' title='bbox 653 2945 716 3010; x_wconf 90' lang='lat' dir='ltr'><strong>hac</strong></span> <span class='ocrx_word' id='word_1_162' title='bbox 739 2945 818 3030; x_wconf 88' lang='lat' dir='ltr'><strong>suga</strong></span> <span class='ocrx_word' id='word_1_163' title='bbox 843 2947 1002 3029; x_wconf 91' lang='lat' dir='ltr'><strong>protinus,</strong></span> <span class='ocrx_word' id='word_1_164' title='bbox 1027 2964 1115 3028; x_wconf 89' lang='lat' dir='ltr'><strong>quae</strong></span> <span class='ocrx_word' id='word_1_165' title='bbox 1144 2945 1291 3027; x_wconf 88' lang='lat' dir='ltr'><strong>undique</strong></span> <span class='ocrx_word' id='word_1_166' title='bbox 1320 2965 1428 3016; x_wconf 78' lang='lat' dir='ltr'><strong>con-5</strong></span> 
     </span>
     <span class='ocr_line' id='line_1_24' title="bbox 354 3048 1400 3132; baseline 0.003 -21"><span class='ocrx_word' id='word_1_167' title='bbox 354 3057 521 3125; x_wconf 89' lang='lat' dir='ltr'><strong>venerant,</strong></span> <span class='ocrx_word' id='word_1_168' title='bbox 534 3048 660 3113; x_wconf 86' lang='lat' dir='ltr'><strong>auxilia</strong></span> <span class='ocrx_word' id='word_1_169' title='bbox 675 3050 903 3125; x_wconf 88' lang='lat' dir='ltr'><strong>discesserunt,</strong></span> <span class='ocrx_word' id='word_1_170' title='bbox 920 3068 1027 3132; x_wconf 88' lang='lat' dir='ltr'><strong>neque</strong></span> <span class='ocrx_word' id='word_1_171' title='bbox 1041 3059 1118 3132; x_wconf 86' lang='lat' dir='ltr'><strong>post</strong></span> <span class='ocrx_word' id='word_1_172' title='bbox 1132 3049 1165 3113; x_wconf 92' lang='lat' dir='ltr'><strong>id</strong></span> <span class='ocrx_word' id='word_1_173' title='bbox 1180 3059 1314 3131; x_wconf 88' lang='lat' dir='ltr'><strong>tempus</strong></span> <span class='ocrx_word' id='word_1_174' title='bbox 1329 3070 1400 3114; x_wconf 89' lang='lat' dir='ltr'><strong>um·</strong></span> 
     </span>
     <span class='ocr_line' id='line_1_25' title="bbox 354 3151 1313 3237; baseline -0.003 -20"><span class='ocrx_word' id='word_1_175' title='bbox 354 3172 456 3237; x_wconf 89' lang='lat' dir='ltr'><strong>qnam</strong></span> <span class='ocrx_word' id='word_1_176' title='bbox 471 3151 609 3217; x_wconf 89' lang='lat' dir='ltr'><strong>summis</strong></span> <span class='ocrx_word' id='word_1_177' title='bbox 624 3152 796 3217; x_wconf 89' lang='lat' dir='ltr'><strong>nobiscum</strong></span> <span class='ocrx_word' id='word_1_178' title='bbox 812 3153 917 3235; x_wconf 90' lang='lat' dir='ltr'><strong>copiis</strong></span> <span class='ocrx_word' id='word_1_179' title='bbox 935 3152 1048 3217; x_wconf 90' lang='lat' dir='ltr'><strong>hostes</strong></span> <span class='ocrx_word' id='word_1_180' title='bbox 1063 3152 1313 3217; x_wconf 82' lang='lat' dir='ltr'><strong>contenderunt.</strong></span> 
     </span>
     <span class='ocr_line' id='line_1_26' title="bbox 186 3254 1453 3340; baseline 0.001 -18"><span class='ocrx_word' id='word_1_181' title='bbox 186 3264 294 3330; x_wconf 66' lang='lat' dir='ltr'><strong>Pasage</strong></span> <span class='ocrx_word' id='word_1_182' title='bbox 305 3265 334 3314; x_wconf 82' lang='lat' dir='ltr'><strong>of</strong></span> <span class='ocrx_word' id='word_1_183' title='bbox 400 3256 521 3322; x_wconf 88' lang='lat' dir='ltr'><strong>Caesar</strong></span> <span class='ocrx_word' id='word_1_184' title='bbox 534 3256 668 3340; x_wconf 90' lang='lat' dir='ltr'><strong>cognito</strong></span> <span class='ocrx_word' id='word_1_185' title='bbox 684 3256 822 3320; x_wconf 90' lang='lat' dir='ltr'><strong>consilio</strong></span> <span class='ocrx_word' id='word_1_186' title='bbox 838 3277 952 3320; x_wconf 91' lang='lat' dir='ltr'><strong>eorum</strong></span> <span class='ocrx_word' id='word_1_187' title='bbox 974 3257 1016 3320; x_wconf 93' lang='lat' dir='ltr'><strong>ad</strong></span> <span class='ocrx_word' id='word_1_188' title='bbox 1035 3254 1157 3321; x_wconf 91' lang='lat' dir='ltr'><strong>flumen</strong></span> <span class='ocrx_word' id='word_1_189' title='bbox 1178 3255 1347 3322; x_wconf 86' lang='lat' dir='ltr'><strong>Tamesim</strong></span> <span class='ocrx_word' id='word_1_190' title='bbox 1367 3257 1400 3321; x_wconf 90' lang='lat' dir='ltr'><strong>in</strong></span> <span class='ocrx_word' id='word_1_191' title='bbox 1413 3270 1453 3324; x_wconf 77' lang='lat'><strong>18</strong></span> 
     </span>
     <span class='ocr_line' id='line_1_27' title="bbox 186 3330 1400 3447; baseline -0.002 -21"><span class='ocrx_word' id='word_1_192' title='bbox 186 3330 344 3447; x_wconf 40' lang='lat' dir='ltr'><strong>&amp;effi</strong></span> <span class='ocrx_word' id='word_1_193' title='bbox 357 3361 437 3426; x_wconf 87' lang='lat' dir='ltr'><strong>fines</strong></span> <span class='ocrx_word' id='word_1_194' title='bbox 461 3358 699 3425; x_wconf 88' lang='lat' dir='ltr'><strong>Cassivellauni</strong></span> <span class='ocrx_word' id='word_1_195' title='bbox 721 3360 906 3424; x_wconf 89' lang='lat' dir='ltr'><strong>exercitum</strong></span> <span class='ocrx_word' id='word_1_196' title='bbox 928 3359 1047 3438; x_wconf 79' lang='lat' dir='ltr'><strong>duxit3</strong></span> <span class='ocrx_word' id='word_1_197' title='bbox 1068 3361 1160 3443; x_wconf 91' lang='lat' dir='ltr'><strong>quod</strong></span> <span class='ocrx_word' id='word_1_198' title='bbox 1186 3358 1309 3424; x_wconf 91' lang='lat' dir='ltr'><strong>flumen</strong></span> <span class='ocrx_word' id='word_1_199' title='bbox 1333 3380 1400 3424; x_wconf 91' lang='lat' dir='ltr'><strong>uno</strong></span> 
     </span>
     <span class='ocr_line' id='line_1_28' title="bbox 186 3460 1400 3548; baseline -0.002 -18"><span class='ocrx_word' id='word_1_200' title='bbox 186 3460 266 3511; x_wconf 76' lang='lat' dir='ltr'><strong>orne</strong></span> <span class='ocrx_word' id='word_1_201' title='bbox 356 3466 492 3530; x_wconf 90' lang='lat' dir='ltr'><strong>omnino</strong></span> <span class='ocrx_word' id='word_1_202' title='bbox 515 3463 588 3529; x_wconf 91' lang='lat' dir='ltr'><strong>loco</strong></span> <span class='ocrx_word' id='word_1_203' title='bbox 610 3464 760 3548; x_wconf 89' lang='lat' dir='ltr'><strong>pedibus,</strong></span> <span class='ocrx_word' id='word_1_204' title='bbox 782 3474 883 3547; x_wconf 92' lang='lat' dir='ltr'><strong>atque</strong></span> <span class='ocrx_word' id='word_1_205' title='bbox 905 3463 969 3529; x_wconf 90' lang='lat' dir='ltr'><strong>boc</strong></span> <span class='ocrx_word' id='word_1_206' title='bbox 993 3483 1100 3547; x_wconf 87' lang='lat' dir='ltr'><strong>aegre,</strong></span> <span class='ocrx_word' id='word_1_207' title='bbox 1123 3464 1254 3528; x_wconf 89' lang='lat' dir='ltr'><strong>transiri</strong></span> <span class='ocrx_word' id='word_1_208' title='bbox 1279 3473 1400 3546; x_wconf 82' lang='lat' dir='ltr'><strong>potest.</strong></span> 
     </span>
     <span class='ocr_line' id='line_1_29' title="bbox 184 3540 1429 3644; baseline -0.001 -13"><span class='ocrx_word' id='word_1_209' title='bbox 184 3540 282 3589; x_wconf 58' lang='lat' dir='ltr'><strong>‘my&#39;</strong></span> <span class='ocrx_word' id='word_1_210' title='bbox 358 3568 410 3632; x_wconf 90' lang='lat' dir='ltr'><strong>Eo</strong></span> <span class='ocrx_word' id='word_1_211' title='bbox 431 3589 507 3634; x_wconf 92' lang='lat' dir='ltr'><strong>cum</strong></span> <span class='ocrx_word' id='word_1_212' title='bbox 528 3568 680 3644; x_wconf 90' lang='lat' dir='ltr'><strong>venisset,</strong></span> <span class='ocrx_word' id='word_1_213' title='bbox 696 3568 846 3632; x_wconf 89' lang='lat' dir='ltr'><strong>animum</strong></span> <span class='ocrx_word' id='word_1_214' title='bbox 868 3567 1009 3633; x_wconf 86' lang='lat' dir='ltr'><strong>advertit</strong></span> <span class='ocrx_word' id='word_1_215' title='bbox 1032 3569 1074 3633; x_wconf 94' lang='lat' dir='ltr'><strong>ad</strong></span> <span class='ocrx_word' id='word_1_216' title='bbox 1097 3566 1236 3632; x_wconf 90' lang='lat' dir='ltr'><strong>alteram</strong></span> <span class='ocrx_word' id='word_1_217' title='bbox 1258 3567 1429 3632; x_wconf 72' lang='lat' dir='ltr'><strong>fluminisz</strong></span> 
     </span>
    </p>
   </div>
   <div class='ocr_carea' id='block_1_6' title="bbox 356 3671 1430 3756">
    <p class='ocr_par' dir='ltr' id='par_1_9' title="bbox 356 3671 1430 3756">
     <span class='ocr_line' id='line_1_30' title="bbox 356 3671 1430 3756; baseline 0.003 -24"><span class='ocrx_word' id='word_1_218' title='bbox 356 3671 461 3754; x_wconf 87' lang='lat' dir='ltr'><strong>ripam</strong></span> <span class='ocrx_word' id='word_1_219' title='bbox 491 3692 630 3756; x_wconf 88' lang='lat' dir='ltr'><strong>magnas</strong></span> <span class='ocrx_word' id='word_1_220' title='bbox 658 3691 730 3737; x_wconf 88' lang='lat' dir='ltr'><strong>esse</strong></span> <span class='ocrx_word' id='word_1_221' title='bbox 759 3671 873 3756; x_wconf 90' lang='lat' dir='ltr'><strong>copias</strong></span> <span class='ocrx_word' id='word_1_222' title='bbox 905 3671 1051 3736; x_wconf 89' lang='lat' dir='ltr'><strong>hostium</strong></span> <span class='ocrx_word' id='word_1_223' title='bbox 1082 3671 1266 3737; x_wconf 87' lang='lat' dir='ltr'><strong>instructas.</strong></span> <span class='ocrx_word' id='word_1_224' title='bbox 1312 3671 1430 3755; x_wconf 60' lang='lat' dir='ltr'><strong>Ripae,</strong></span> 
     </span>
    </p>
   </div>
   <div class='ocr_carea' id='block_1_7' title="bbox 352 3822 1401 4134">
    <p class='ocr_par' dir='ltr' id='par_1_10' title="bbox 352 3822 1401 4134">
     <span class='ocr_line' id='line_1_31' title="bbox 387 3822 1401 3888; baseline 0.003 -17"><span class='ocrx_word' id='word_1_225' title='bbox 387 3826 493 3885; x_wconf 49' lang='lat'><strong>1043.</strong></span> <span class='ocrx_word' id='word_1_226' title='bbox 510 3825 571 3874; x_wconf 81' lang='lat' dir='ltr'><strong>illis.</strong></span> <span class='ocrx_word' id='word_1_227' title='bbox 605 3824 714 3875; x_wconf 82' lang='lat' dir='ltr'><strong>Inserted</strong></span> <span class='ocrx_word' id='word_1_228' title='bbox 731 3826 764 3888; x_wconf 85' lang='lat' dir='ltr'><strong>by</strong></span> <span class='ocrx_word' id='word_1_229' title='bbox 778 3824 853 3874; x_wconf 80' lang='lat' dir='ltr'><strong>Holi-</strong></span> <span class='ocrx_word' id='word_1_230' title='bbox 935 3828 999 3884; x_wconf 58' lang='lat' dir='ltr'><strong>lat</strong></span> <span class='ocrx_word' id='word_1_231' title='bbox 1012 3837 1034 3874; x_wconf 80' lang='lat' dir='ltr'><strong>t.</strong></span> <span class='ocrx_word' id='word_1_232' title='bbox 1045 3840 1104 3875; x_wconf 85' lang='lat' dir='ltr'><strong>nno</strong></span> <span class='ocrx_word' id='word_1_233' title='bbox 1111 3827 1226 3875; x_wconf 80' lang='lat' dir='ltr'><strong>omnino</strong></span> <span class='ocrx_word' id='word_1_234' title='bbox 1232 3828 1303 3875; x_wconf 89' lang='lat' dir='ltr'><strong>looo.</strong></span> <span class='ocrx_word' id='word_1_235' title='bbox 1320 3822 1401 3874; x_wconf 82' lang='lat' dir='ltr'><strong>There</strong></span> 
     </span>
     <span class='ocr_line' id='line_1_32' title="bbox 355 3889 1401 3953; baseline 0.004 -18"><span class='ocrx_word' id='word_1_236' title='bbox 355 3900 429 3935; x_wconf 76' lang='lat' dir='ltr'><strong>menn</strong></span> <span class='ocrx_word' id='word_1_237' title='bbox 440 3895 467 3937; x_wconf 88' lang='lat' dir='ltr'><strong>to</strong></span> <span class='ocrx_word' id='word_1_238' title='bbox 475 3889 548 3939; x_wconf 83' lang='lat' dir='ltr'><strong>make</strong></span> <span class='ocrx_word' id='word_1_239' title='bbox 559 3892 579 3939; x_wconf 90' lang='lat' dir='ltr'><strong>it</strong></span> <span class='ocrx_word' id='word_1_240' title='bbox 589 3890 656 3939; x_wconf 84' lang='lat' dir='ltr'><strong>clear</strong></span> <span class='ocrx_word' id='word_1_241' title='bbox 664 3891 717 3941; x_wconf 76' lang='lat' dir='ltr'><strong>that</strong></span> <span class='ocrx_word' id='word_1_242' title='bbox 729 3893 736 3918; x_wconf 84' lang='lat'>⁴</span> <span class='ocrx_word' id='word_1_243' title='bbox 746 3890 853 3940; x_wconf 86' lang='lat' dir='ltr'><strong>cedenti·</strong></span> <span class='ocrx_word' id='word_1_244' title='bbox 902 3905 945 3940; x_wconf 77' lang='lat' dir='ltr'><strong>are</strong></span> <span class='ocrx_word' id='word_1_245' title='bbox 958 3905 1033 3953; x_wconf 80' lang='lat' dir='ltr'><strong>many</strong></span> <span class='ocrx_word' id='word_1_246' title='bbox 1044 3889 1112 3940; x_wconf 78' lang='lat' dir='ltr'><strong>fords</strong></span> <span class='ocrx_word' id='word_1_247' title='bbox 1127 3889 1157 3939; x_wconf 82' lang='lat' dir='ltr'><strong>os</strong></span> <span class='ocrx_word' id='word_1_248' title='bbox 1170 3889 1212 3940; x_wconf 87' lang='lat' dir='ltr'><strong>the</strong></span> <span class='ocrx_word' id='word_1_249' title='bbox 1223 3889 1339 3945; x_wconf 75' lang='lat' dir='ltr'><strong>Themer,</strong></span> <span class='ocrx_word' id='word_1_250' title='bbox 1356 3890 1401 3939; x_wconf 84' lang='lat' dir='ltr'><strong>bnt</strong></span> 
     </span>
     <span class='ocr_line' id='line_1_33' title="bbox 356 3949 1400 4033; baseline 0.007 -35"><span class='ocrx_word' id='word_1_251' title='bbox 356 3949 417 3999; x_wconf 81' lang='lat' dir='ltr'><strong>bus&#39;</strong></span> <span class='ocrx_word' id='word_1_252' title='bbox 439 3953 489 4002; x_wconf 85' lang='lat' dir='ltr'><strong>and</strong></span> <span class='ocrx_word' id='word_1_253' title='bbox 508 3955 575 4005; x_wconf 77' lang='lat' dir='ltr'><strong>&#39;inse</strong></span> <span class='ocrx_word' id='word_1_254' title='bbox 592 3954 719 4005; x_wconf 83' lang='lat' dir='ltr'><strong>uentibns&#39;</strong></span> <span class='ocrx_word' id='word_1_255' title='bbox 739 3954 802 4005; x_wconf 80' lang='lat' dir='ltr'><strong>refer</strong></span> <span class='ocrx_word' id='word_1_256' title='bbox 824 3963 852 4005; x_wconf 90' lang='lat' dir='ltr'><strong>to</strong></span> <span class='ocrx_word' id='word_1_257' title='bbox 902 3954 995 4006; x_wconf 76' lang='lat' dir='ltr'><strong>Caesar</strong></span> <span class='ocrx_word' id='word_1_258' title='bbox 1008 3955 1030 4004; x_wconf 84' lang='lat' dir='ltr'><strong>is</strong></span> <span class='ocrx_word' id='word_1_259' title='bbox 1044 3956 1074 4005; x_wconf 82' lang='lat' dir='ltr'><strong>oi</strong></span> <span class='ocrx_word' id='word_1_260' title='bbox 1086 3970 1171 4005; x_wconf 76' lang='lat' dir='ltr'><strong>nonme</strong></span> <span class='ocrx_word' id='word_1_261' title='bbox 1185 3954 1306 4033; x_wconf 71' lang='lat' dir='ltr'><strong>rpeukurg</strong></span> <span class='ocrx_word' id='word_1_262' title='bbox 1321 3954 1351 4005; x_wconf 82' lang='lat' dir='ltr'><strong>of</strong></span> <span class='ocrx_word' id='word_1_263' title='bbox 1358 3955 1400 4005; x_wconf 86' lang='lat' dir='ltr'><strong>the</strong></span> 
     </span>
     <span class='ocr_line' id='line_1_34' title="bbox 355 3971 1229 4132; baseline 0.009 -68"><span class='ocrx_word' id='word_1_264' title='bbox 355 4015 398 4132; x_wconf 48' lang='lat' dir='ltr'><strong>tbt</strong></span> <span class='ocrx_word' id='word_1_265' title='bbox 407 4017 529 4132; x_wconf 48' lang='lat' dir='ltr'><strong>dlirtr&#39;italns,</strong></span> <span class='ocrx_word' id='word_1_266' title='bbox 541 3971 592 4069; x_wconf 55' lang='lat' dir='ltr'><strong>ung</strong></span> <span class='ocrx_word' id='word_1_267' title='bbox 607 4035 648 4069; x_wconf 83' lang='lat' dir='ltr'><strong>are</strong></span> <span class='ocrx_word' id='word_1_268' title='bbox 664 4020 785 4072; x_wconf 79' lang='lat' dir='ltr'><strong>ablntives</strong></span> <span class='ocrx_word' id='word_1_269' title='bbox 801 4020 852 4069; x_wconf 82' lang='lat' dir='ltr'><strong>and</strong></span> <span class='ocrx_word' id='word_1_270' title='bbox 902 4029 958 4086; x_wconf 86' lang='lat' dir='ltr'><strong>part</strong></span> <span class='ocrx_word' id='word_1_271' title='bbox 968 4019 1050 4071; x_wconf 83' lang='lat' dir='ltr'><strong>where</strong></span> <span class='ocrx_word' id='word_1_272' title='bbox 1059 4021 1091 4071; x_wconf 82' lang='lat' dir='ltr'><strong>be</strong></span> <span class='ocrx_word' id='word_1_273' title='bbox 1102 4020 1191 4072; x_wconf 80' lang='lat' dir='ltr'><strong>visited</strong></span> <span class='ocrx_word' id='word_1_274' title='bbox 1202 4029 1229 4071; x_wconf 77' lang='lat' dir='ltr'><strong>tt</strong></span> 
     </span>
     <span class='ocr_line' id='line_1_35' title="bbox 352 4097 510 4134; baseline 0.019 -3"><span class='ocrx_word' id='word_1_275' title='bbox 352 4097 386 4131; x_wconf 91' lang='lat' dir='ltr'><strong>no</strong></span> <span class='ocrx_word' id='word_1_276' title='bbox 460 4098 510 4134; x_wconf 77' lang='lat' dir='ltr'><strong>ves.</strong></span> 
     </span>
    </p>
   </div>
   <div class='ocr_carea' id='block_1_8' title="bbox 0 0 1622 5134">
    <p class='ocr_par' dir='ltr' id='par_1_11' title="bbox 0 0 1622 5134">
     <span class='ocr_line' id='line_1_36' title="bbox 0 0 1622 5134; baseline 0 0"><span class='ocrx_word' id='word_1_277' title='bbox 0 0 1622 5134; x_wconf 95' lang='lat' dir='ltr'><strong> </strong></span> 
     </span>
    </p>
   </div>
  </div>
 </body>
</html>
