<?xml version="1.0" encoding="UTF-8"?>
<!DOCTYPE html PUBLIC "-//W3C//DTD XHTML 1.0 Transitional//EN"
    "http://www.w3.org/TR/xhtml1/DTD/xhtml1-transitional.dtd">
<html xmlns="http://www.w3.org/1999/xhtml" xml:lang="en" lang="en">
 <head>
  <title>
</title>
<meta http-equiv="Content-Type" content="text/html;charset=utf-8" />
  <meta name='ocr-system' content='tesseract 3.04.00' />
  <meta name='ocr-capabilities' content='ocr_page ocr_carea ocr_par ocr_line ocrx_word'/>
</head>
<body>
  <div class='ocr_page' id='page_1' title='image "./debellogallicob00stocgoog_0345.png"; bbox 0 0 3234 5134; ppageno 0'>
   <div class='ocr_carea' id='block_1_1' title="bbox 216 625 1267 692">
    <p class='ocr_par' dir='ltr' id='par_1_1' title="bbox 216 625 1267 692">
     <span class='ocr_line' id='line_1_1' title="bbox 216 625 1267 692; baseline -0.002 -16"><span class='ocrx_word' id='word_1_1' title='bbox 216 629 261 677; x_wconf 70' lang='lat'><strong>85.</strong></span> <span class='ocrx_word' id='word_1_2' title='bbox 275 625 302 692; x_wconf 74' lang='lat' dir='ltr'><strong>a]</strong></span> <span class='ocrx_word' id='word_1_3' title='bbox 453 627 506 678; x_wconf 82' lang='lat' dir='ltr'><strong>DE</strong></span> <span class='ocrx_word' id='word_1_4' title='bbox 528 626 651 678; x_wconf 84' lang='lat' dir='ltr'><em>BELLO</em></span> <span class='ocrx_word' id='word_1_5' title='bbox 677 626 843 679; x_wconf 84' lang='lat' dir='ltr'><strong>GALLICO.</strong></span> <span class='ocrx_word' id='word_1_6' title='bbox 895 626 965 677; x_wconf 76' lang='grc' dir='ltr'><strong>ΗΒ.</strong></span> <span class='ocrx_word' id='word_1_7' title='bbox 991 627 1037 677; x_wconf 91' lang='grc' dir='ltr'><strong>ΙΙΙ</strong></span> <span class='ocrx_word' id='word_1_8' title='bbox 1210 631 1267 692; x_wconf 80' lang='lat'><strong>117</strong></span> 
     </span>
    </p>
   </div>
   <div class='ocr_carea' id='block_1_2' title="bbox 161 785 1268 2014">
    <p class='ocr_par' dir='ltr' id='par_1_2' title="bbox 161 785 1268 2014">
     <span class='ocr_line' id='line_1_2' title="bbox 216 785 1267 870; baseline 0 -22"><span class='ocrx_word' id='word_1_9' title='bbox 216 788 274 850; x_wconf 92' lang='lat' dir='ltr'><strong>ubi</strong></span> <span class='ocrx_word' id='word_1_10' title='bbox 292 806 410 852; x_wconf 90' lang='lat' dir='ltr'><strong>omnes</strong></span> <span class='ocrx_word' id='word_1_11' title='bbox 425 788 514 852; x_wconf 87' lang='lat' dir='ltr'><strong>idem</strong></span> <span class='ocrx_word' id='word_1_12' title='bbox 529 788 650 853; x_wconf 89' lang='lat' dir='ltr'><strong>sentire</strong></span> <span class='ocrx_word' id='word_1_13' title='bbox 662 786 836 866; x_wconf 78' lang='lat' dir='ltr'><strong>intellexit,</strong></span> <span class='ocrx_word' id='word_1_14' title='bbox 848 796 1017 870; x_wconf 91' lang='lat' dir='ltr'><strong>posterum</strong></span> <span class='ocrx_word' id='word_1_15' title='bbox 1029 785 1118 851; x_wconf 90' lang='lat' dir='ltr'><strong>diem</strong></span> <span class='ocrx_word' id='word_1_16' title='bbox 1135 804 1267 869; x_wconf 83' lang='lat' dir='ltr'>pugnae</span> 
     </span>
     <span class='ocr_line' id='line_1_3' title="bbox 216 891 397 956; baseline 0.017 -3"><span class='ocrx_word' id='word_1_17' title='bbox 216 891 397 956; x_wconf 89' lang='lat' dir='ltr'><strong>constituit.</strong></span> 
     </span>
     <span class='ocr_line' id='line_1_4' title="bbox 161 993 1268 1079; baseline 0.001 -22"><span class='ocrx_word' id='word_1_18' title='bbox 161 1014 205 1068; x_wconf 82' lang='lat'><strong>24</strong></span> <span class='ocrx_word' id='word_1_19' title='bbox 261 994 371 1058; x_wconf 91' lang='lat' dir='ltr'><strong>Prima</strong></span> <span class='ocrx_word' id='word_1_20' title='bbox 405 995 478 1061; x_wconf 91' lang='lat' dir='ltr'><strong>luce</strong></span> <span class='ocrx_word' id='word_1_21' title='bbox 507 995 679 1079; x_wconf 92' lang='lat' dir='ltr'><strong>productis</strong></span> <span class='ocrx_word' id='word_1_22' title='bbox 712 996 868 1060; x_wconf 90' lang='lat' dir='ltr'><strong>omnibus</strong></span> <span class='ocrx_word' id='word_1_23' title='bbox 900 995 1005 1079; x_wconf 89' lang='lat' dir='ltr'><strong>copiis</strong></span> <span class='ocrx_word' id='word_1_24' title='bbox 1038 993 1163 1078; x_wconf 87' lang='lat' dir='ltr'>duplici</span> <span class='ocrx_word' id='word_1_25' title='bbox 1197 994 1268 1058; x_wconf 90' lang='lat' dir='ltr'><strong>acie</strong></span> 
     </span>
     <span class='ocr_line' id='line_1_5' title="bbox 216 1096 1266 1181; baseline 0.002 -21"><span class='ocrx_word' id='word_1_26' title='bbox 216 1097 375 1178; x_wconf 89' lang='lat' dir='ltr'><strong>instituta,</strong></span> <span class='ocrx_word' id='word_1_27' title='bbox 390 1099 522 1164; x_wconf 84' lang='lat' dir='ltr'>auxiliis</span> <span class='ocrx_word' id='word_1_28' title='bbox 540 1098 573 1163; x_wconf 91' lang='lat' dir='ltr'><strong>in</strong></span> <span class='ocrx_word' id='word_1_29' title='bbox 590 1099 735 1163; x_wconf 89' lang='lat' dir='ltr'><strong>mediam</strong></span> <span class='ocrx_word' id='word_1_30' title='bbox 751 1099 857 1164; x_wconf 85' lang='lat' dir='ltr'>aciem</span> <span class='ocrx_word' id='word_1_31' title='bbox 876 1099 1041 1174; x_wconf 88' lang='lat' dir='ltr'><strong>coniectis,</strong></span> <span class='ocrx_word' id='word_1_32' title='bbox 1057 1098 1138 1181; x_wconf 90' lang='lat' dir='ltr'><strong>quid</strong></span> <span class='ocrx_word' id='word_1_33' title='bbox 1153 1096 1266 1163; x_wconf 87' lang='lat' dir='ltr'><strong>hostes</strong></span> 
     </span>
     <span class='ocr_line' id='line_1_6' title="bbox 188 1202 1266 1287; baseline -0.006 -16"><span class='ocrx_word' id='word_1_34' title='bbox 188 1204 344 1271; x_wconf 71' lang='lat' dir='ltr'><strong>sconsilii</strong></span> <span class='ocrx_word' id='word_1_35' title='bbox 367 1213 533 1287; x_wconf 86' lang='lat' dir='ltr'><strong>caperent,</strong></span> <span class='ocrx_word' id='word_1_36' title='bbox 555 1203 783 1286; x_wconf 84' lang='lat' dir='ltr'><strong>exspectabat.</strong></span> <span class='ocrx_word' id='word_1_37' title='bbox 831 1202 894 1280; x_wconf 92' lang='lat' dir='ltr'><strong>llli,</strong></span> <span class='ocrx_word' id='word_1_38' title='bbox 914 1204 975 1267; x_wconf 93' lang='lat' dir='ltr'><strong>etsi</strong></span> <span class='ocrx_word' id='word_1_39' title='bbox 999 1212 1134 1286; x_wconf 87' lang='lat' dir='ltr'><strong>propter</strong></span> <span class='ocrx_word' id='word_1_40' title='bbox 1156 1202 1266 1266; x_wconf 87' lang='lat' dir='ltr'><strong>multi·</strong></span> 
     </span>
     <span class='ocr_line' id='line_1_7' title="bbox 214 1306 1265 1391; baseline 0.001 -21"><span class='ocrx_word' id='word_1_41' title='bbox 214 1308 366 1371; x_wconf 89' lang='lat' dir='ltr'><strong>tudinem</strong></span> <span class='ocrx_word' id='word_1_42' title='bbox 382 1316 416 1371; x_wconf 90' lang='lat' dir='ltr'><strong>et</strong></span> <span class='ocrx_word' id='word_1_43' title='bbox 430 1318 574 1372; x_wconf 90' lang='lat' dir='ltr'><strong>veterem</strong></span> <span class='ocrx_word' id='word_1_44' title='bbox 591 1306 670 1371; x_wconf 93' lang='lat' dir='ltr'><strong>belli</strong></span> <span class='ocrx_word' id='word_1_45' title='bbox 685 1306 826 1391; x_wconf 88' lang='lat' dir='ltr'>gloriam</span> <span class='ocrx_word' id='word_1_46' title='bbox 847 1308 1117 1390; x_wconf 85' lang='lat' dir='ltr'><strong>paucitatemque</strong></span> <span class='ocrx_word' id='word_1_47' title='bbox 1137 1315 1265 1371; x_wconf 89' lang='lat' dir='ltr'><strong>nostro·</strong></span> 
     </span>
     <span class='ocr_line' id='line_1_8' title="bbox 215 1410 1264 1499; baseline -0.001 -25"><span class='ocrx_word' id='word_1_48' title='bbox 215 1432 288 1474; x_wconf 86' lang='lat' dir='ltr'><strong>rum</strong></span> <span class='ocrx_word' id='word_1_49' title='bbox 304 1432 340 1475; x_wconf 91' lang='lat' dir='ltr'><strong>se</strong></span> <span class='ocrx_word' id='word_1_50' title='bbox 354 1421 428 1475; x_wconf 92' lang='lat' dir='ltr'><strong>tuto</strong></span> <span class='ocrx_word' id='word_1_51' title='bbox 443 1412 659 1476; x_wconf 89' lang='lat' dir='ltr'><strong>dimicaturos</strong></span> <span class='ocrx_word' id='word_1_52' title='bbox 674 1410 923 1491; x_wconf 81' lang='lat' dir='ltr'><strong>existimabant,</strong></span> <span class='ocrx_word' id='word_1_53' title='bbox 937 1421 1049 1476; x_wconf 86' lang='lat' dir='ltr'><strong>tamen</strong></span> <span class='ocrx_word' id='word_1_54' title='bbox 1068 1410 1172 1499; x_wconf 83' lang='lat' dir='ltr'><strong>tutius</strong></span> <span class='ocrx_word' id='word_1_55' title='bbox 1192 1429 1264 1473; x_wconf 88' lang='lat' dir='ltr'><strong>esse</strong></span> 
     </span>
     <span class='ocr_line' id='line_1_9' title="bbox 215 1513 1264 1581; baseline -0.001 -2"><span class='ocrx_word' id='word_1_56' title='bbox 215 1517 461 1580; x_wconf 86' lang='lat' dir='ltr'><strong>arbitrabantur</strong></span> <span class='ocrx_word' id='word_1_57' title='bbox 475 1516 618 1581; x_wconf 88' lang='lat' dir='ltr'><strong>obsessis</strong></span> <span class='ocrx_word' id='word_1_58' title='bbox 632 1515 695 1578; x_wconf 88' lang='lat' dir='ltr'><strong>viis</strong></span> <span class='ocrx_word' id='word_1_59' title='bbox 710 1524 898 1579; x_wconf 88' lang='lat' dir='ltr'><strong>commeatu</strong></span> <span class='ocrx_word' id='word_1_60' title='bbox 915 1513 1093 1580; x_wconf 89' lang='lat' dir='ltr'><strong>intercluso</strong></span> <span class='ocrx_word' id='word_1_61' title='bbox 1110 1515 1181 1578; x_wconf 91' lang='lat' dir='ltr'><strong>sine</strong></span> <span class='ocrx_word' id='word_1_62' title='bbox 1196 1513 1264 1578; x_wconf 91' lang='lat' dir='ltr'><strong>ullo</strong></span> 
     </span>
     <span class='ocr_line' id='line_1_10' title="bbox 185 1617 1263 1702; baseline -0.001 -20"><span class='ocrx_word' id='word_1_63' title='bbox 185 1618 348 1694; x_wconf 80' lang='lat' dir='ltr'><strong>3vulnere</strong></span> <span class='ocrx_word' id='word_1_64' title='bbox 371 1620 509 1684; x_wconf 88' lang='lat' dir='ltr'><strong>victoria</strong></span> <span class='ocrx_word' id='word_1_65' title='bbox 535 1619 634 1702; x_wconf 87' lang='lat' dir='ltr'><strong>potiri</strong></span> <span class='ocrx_word' id='word_1_66' title='bbox 662 1620 757 1693; x_wconf 79' lang='lat' dir='ltr'><strong>etsi</strong></span> <span class='ocrx_word' id='word_1_67' title='bbox 784 1629 921 1701; x_wconf 88' lang='lat' dir='ltr'><strong>propter</strong></span> <span class='ocrx_word' id='word_1_68' title='bbox 946 1618 1093 1701; x_wconf 91' lang='lat' dir='ltr'><strong>inopiam</strong></span> <span class='ocrx_word' id='word_1_69' title='bbox 1121 1618 1166 1682; x_wconf 90' lang='lat' dir='ltr'><strong>rei</strong></span> <span class='ocrx_word' id='word_1_70' title='bbox 1196 1617 1263 1681; x_wconf 84' lang='lat' dir='ltr'><strong>sru-</strong></span> 
     </span>
     <span class='ocr_line' id='line_1_11' title="bbox 216 1722 1264 1806; baseline -0.002 -20"><span class='ocrx_word' id='word_1_71' title='bbox 216 1723 397 1788; x_wconf 86' lang='lat' dir='ltr'><strong>mentariae</strong></span> <span class='ocrx_word' id='word_1_72' title='bbox 422 1722 566 1787; x_wconf 91' lang='lat' dir='ltr'><strong>Romani</strong></span> <span class='ocrx_word' id='word_1_73' title='bbox 593 1743 666 1787; x_wconf 86' lang='lat' dir='ltr'><strong>sese</strong></span> <span class='ocrx_word' id='word_1_74' title='bbox 695 1722 839 1806; x_wconf 89' lang='lat' dir='ltr'><strong>recipere</strong></span> <span class='ocrx_word' id='word_1_75' title='bbox 865 1723 1058 1806; x_wconf 84' lang='lat' dir='ltr'><strong>coepissent,</strong></span> <span class='ocrx_word' id='word_1_76' title='bbox 1084 1722 1264 1805; x_wconf 91' lang='lat' dir='ltr'><strong>impeditos</strong></span> 
     </span>
     <span class='ocr_line' id='line_1_12' title="bbox 214 1825 1262 1912; baseline -0.002 -21"><span class='ocrx_word' id='word_1_77' title='bbox 214 1828 248 1891; x_wconf 91' lang='lat' dir='ltr'><strong>in</strong></span> <span class='ocrx_word' id='word_1_78' title='bbox 263 1827 397 1912; x_wconf 86' lang='lat' dir='ltr'><strong>agmine</strong></span> <span class='ocrx_word' id='word_1_79' title='bbox 408 1836 442 1891; x_wconf 89' lang='lat' dir='ltr'><strong>et</strong></span> <span class='ocrx_word' id='word_1_80' title='bbox 457 1828 520 1891; x_wconf 93' lang='lat' dir='ltr'><strong>sub</strong></span> <span class='ocrx_word' id='word_1_81' title='bbox 535 1826 673 1890; x_wconf 88' lang='lat' dir='ltr'><strong>sarcinis</strong></span> <span class='ocrx_word' id='word_1_82' title='bbox 685 1825 863 1891; x_wconf 84' lang='lat' dir='ltr'><strong>infirmiore</strong></span> <span class='ocrx_word' id='word_1_83' title='bbox 874 1827 988 1891; x_wconf 92' lang='lat' dir='ltr'><strong>animo</strong></span> <span class='ocrx_word' id='word_1_84' title='bbox 1002 1825 1122 1890; x_wconf 91' lang='lat' dir='ltr'><strong>adoriri</strong></span> <span class='ocrx_word' id='word_1_85' title='bbox 1135 1826 1262 1907; x_wconf 83' lang='lat' dir='ltr'><strong>cogita·</strong></span> 
     </span>
     <span class='ocr_line' id='line_1_13' title="bbox 183 1928 1262 2014; baseline -0.002 -20"><span class='ocrx_word' id='word_1_86' title='bbox 183 1933 304 1997; x_wconf 69' lang='lat' dir='ltr'><strong>ibant.</strong></span> <span class='ocrx_word' id='word_1_87' title='bbox 358 1930 434 1997; x_wconf 93' lang='lat' dir='ltr'><strong>Hoc</strong></span> <span class='ocrx_word' id='word_1_88' title='bbox 471 1928 609 1996; x_wconf 92' lang='lat' dir='ltr'><strong>consilio</strong></span> <span class='ocrx_word' id='word_1_89' title='bbox 646 1929 790 2014; x_wconf 92' lang='lat' dir='ltr'><strong>probato</strong></span> <span class='ocrx_word' id='word_1_90' title='bbox 827 1932 870 1995; x_wconf 88' lang='lat' dir='ltr'><strong>ab</strong></span> <span class='ocrx_word' id='word_1_91' title='bbox 907 1930 1057 2005; x_wconf 91' lang='lat' dir='ltr'><strong>ducibus,</strong></span> <span class='ocrx_word' id='word_1_92' title='bbox 1093 1929 1262 2012; x_wconf 88' lang='lat' dir='ltr'><strong>productis</strong></span> 
     </span>
    </p>
   </div>
   <div class='ocr_carea' id='block_1_3' title="bbox 183 2032 1427 2120">
    <p class='ocr_par' dir='ltr' id='par_1_3' title="bbox 183 2032 1427 2120">
     <span class='ocr_line' id='line_1_14' title="bbox 183 2032 1427 2120; baseline -0.001 -25"><span class='ocrx_word' id='word_1_93' title='bbox 183 2035 444 2100; x_wconf 78' lang='lat' dir='ltr'><strong>tRomanorum</strong></span> <span class='ocrx_word' id='word_1_94' title='bbox 481 2035 593 2120; x_wconf 91' lang='lat' dir='ltr'><strong>copiis,</strong></span> <span class='ocrx_word' id='word_1_95' title='bbox 629 2055 702 2098; x_wconf 90' lang='lat' dir='ltr'><strong>sese</strong></span> <span class='ocrx_word' id='word_1_96' title='bbox 739 2035 857 2099; x_wconf 89' lang='lat' dir='ltr'><strong>castris</strong></span> <span class='ocrx_word' id='word_1_97' title='bbox 893 2034 1061 2099; x_wconf 84' lang='lat' dir='ltr'><strong>tenebant.</strong></span> <span class='ocrx_word' id='word_1_98' title='bbox 1115 2032 1189 2098; x_wconf 91' lang='lat' dir='ltr'><strong>Hac</strong></span> <span class='ocrx_word' id='word_1_99' title='bbox 1226 2054 1262 2098; x_wconf 88' lang='lat' dir='ltr'><strong>re</strong></span> <span class='ocrx_word' id='word_1_100' title='bbox 1274 2053 1380 2105; x_wconf 74' lang='lat' dir='ltr'><strong>Crassus</strong></span> <span class='ocrx_word' id='word_1_101' title='bbox 1389 2062 1427 2106; x_wconf 70' lang='lat' dir='ltr'><strong>at.</strong></span> 
     </span>
    </p>
   </div>
   <div class='ocr_carea' id='block_1_4' title="bbox 1273 2119 1422 2251">
    <p class='ocr_par' dir='ltr' id='par_1_4' title="bbox 1273 2119 1422 2251">
     <span class='ocr_line' id='line_1_15' title="bbox 1273 2119 1422 2171; baseline -0.007 -2"><span class='ocrx_word' id='word_1_102' title='bbox 1273 2119 1346 2170; x_wconf 77' lang='lat' dir='ltr'><strong>taelis</strong></span> <span class='ocrx_word' id='word_1_103' title='bbox 1358 2121 1422 2171; x_wconf 84' lang='lat' dir='ltr'><strong>their</strong></span> 
     </span>
     <span class='ocr_line' id='line_1_16' title="bbox 1273 2200 1355 2251; baseline -0.073 1"><span class='ocrx_word' id='word_1_104' title='bbox 1273 2200 1355 2251; x_wconf 61' lang='lat' dir='ltr'><strong>cml),</strong></span> 
     </span>
    </p>
   </div>
   <div class='ocr_carea' id='block_1_5' title="bbox 212 2133 1261 2226">
    <p class='ocr_par' dir='ltr' id='par_1_5' title="bbox 212 2133 1261 2226">
     <span class='ocr_line' id='line_1_17' title="bbox 212 2133 1261 2226; baseline -0.002 -23"><span class='ocrx_word' id='word_1_105' title='bbox 212 2148 386 2224; x_wconf 88' lang='lat' dir='ltr'><strong>perspecta</strong></span> <span class='ocrx_word' id='word_1_106' title='bbox 404 2138 542 2204; x_wconf 89' lang='lat' dir='ltr'><strong>Crassus</strong></span> <span class='ocrx_word' id='word_1_107' title='bbox 558 2159 633 2204; x_wconf 90' lang='lat' dir='ltr'><strong>cum</strong></span> <span class='ocrx_word' id='word_1_108' title='bbox 656 2159 716 2203; x_wconf 91' lang='lat' dir='ltr'><strong>sua</strong></span> <span class='ocrx_word' id='word_1_109' title='bbox 737 2138 949 2204; x_wconf 82' lang='lat' dir='ltr'><strong>cunctatione</strong></span> <span class='ocrx_word' id='word_1_110' title='bbox 966 2133 1082 2226; x_wconf 88' lang='lat' dir='ltr'><strong>[atque</strong></span> <span class='ocrx_word' id='word_1_111' title='bbox 1105 2138 1261 2221; x_wconf 92' lang='lat' dir='ltr'><strong>opinione</strong></span> 
     </span>
    </p>
   </div>
   <div class='ocr_carea' id='block_1_6' title="bbox 148 2237 1408 3781">
    <p class='ocr_par' dir='ltr' id='par_1_6' title="bbox 211 2237 1262 2722">
     <span class='ocr_line' id='line_1_18' title="bbox 211 2237 1261 2331; baseline -0.001 -24"><span class='ocrx_word' id='word_1_112' title='bbox 211 2237 409 2331; x_wconf 88' lang='lat' dir='ltr'><strong>timidiores]</strong></span> <span class='ocrx_word' id='word_1_113' title='bbox 425 2241 539 2307; x_wconf 88' lang='lat' dir='ltr'><strong>hostes</strong></span> <span class='ocrx_word' id='word_1_114' title='bbox 559 2251 688 2308; x_wconf 89' lang='lat' dir='ltr'><strong>nostros</strong></span> <span class='ocrx_word' id='word_1_115' title='bbox 710 2242 831 2309; x_wconf 88' lang='lat' dir='ltr'><strong>milites</strong></span> <span class='ocrx_word' id='word_1_116' title='bbox 853 2242 1028 2307; x_wconf 87' lang='lat' dir='ltr'><strong>alacriores</strong></span> <span class='ocrx_word' id='word_1_117' title='bbox 1048 2243 1091 2307; x_wconf 88' lang='lat' dir='ltr'><strong>ad</strong></span> <span class='ocrx_word' id='word_1_118' title='bbox 1112 2262 1261 2324; x_wconf 90' lang='lat' dir='ltr'><strong>pugnan-</strong></span> 
     </span>
     <span class='ocr_line' id='line_1_19' title="bbox 211 2345 1261 2429; baseline 0 -19"><span class='ocrx_word' id='word_1_119' title='bbox 211 2346 292 2412; x_wconf 90' lang='lat' dir='ltr'><strong>dum</strong></span> <span class='ocrx_word' id='word_1_120' title='bbox 318 2345 516 2424; x_wconf 84' lang='lat' dir='ltr'><strong>effecissent,</strong></span> <span class='ocrx_word' id='word_1_121' title='bbox 542 2355 643 2429; x_wconf 89' lang='lat' dir='ltr'><strong>atque</strong></span> <span class='ocrx_word' id='word_1_122' title='bbox 672 2347 823 2410; x_wconf 89' lang='lat' dir='ltr'><strong>omnium</strong></span> <span class='ocrx_word' id='word_1_123' title='bbox 848 2366 947 2411; x_wconf 90' lang='lat' dir='ltr'><strong>voces</strong></span> <span class='ocrx_word' id='word_1_124' title='bbox 977 2347 1178 2425; x_wconf 89' lang='lat' dir='ltr'><strong>audirentur,</strong></span> <span class='ocrx_word' id='word_1_125' title='bbox 1202 2367 1261 2410; x_wconf 87' lang='lat' dir='ltr'><strong>ex·</strong></span> 
     </span>
     <span class='ocr_line' id='line_1_20' title="bbox 211 2450 1262 2533; baseline -0.002 -19"><span class='ocrx_word' id='word_1_126' title='bbox 211 2451 353 2532; x_wconf 90' lang='lat' dir='ltr'><strong>spectari</strong></span> <span class='ocrx_word' id='word_1_127' title='bbox 383 2450 508 2515; x_wconf 89' lang='lat' dir='ltr'><strong>diutius</strong></span> <span class='ocrx_word' id='word_1_128' title='bbox 537 2469 604 2513; x_wconf 90' lang='lat' dir='ltr'><strong>non</strong></span> <span class='ocrx_word' id='word_1_129' title='bbox 633 2458 795 2533; x_wconf 90' lang='lat' dir='ltr'><strong>oportere,</strong></span> <span class='ocrx_word' id='word_1_130' title='bbox 828 2450 908 2531; x_wconf 91' lang='lat' dir='ltr'><strong>quin</strong></span> <span class='ocrx_word' id='word_1_131' title='bbox 939 2450 982 2514; x_wconf 89' lang='lat' dir='ltr'><strong>ad</strong></span> <span class='ocrx_word' id='word_1_132' title='bbox 1014 2460 1121 2515; x_wconf 89' lang='lat' dir='ltr'><strong>castra</strong></span> <span class='ocrx_word' id='word_1_133' title='bbox 1153 2450 1262 2525; x_wconf 89' lang='lat' dir='ltr'><strong>iretur,</strong></span> 
     </span>
     <span class='ocr_line' id='line_1_21' title="bbox 212 2552 1262 2637; baseline -0.002 -18"><span class='ocrx_word' id='word_1_134' title='bbox 212 2553 403 2619; x_wconf 89' lang='lat' dir='ltr'><strong>cohortatus</strong></span> <span class='ocrx_word' id='word_1_135' title='bbox 421 2574 500 2619; x_wconf 90' lang='lat' dir='ltr'><strong>suos</strong></span> <span class='ocrx_word' id='word_1_136' title='bbox 520 2553 675 2619; x_wconf 90' lang='lat' dir='ltr'><strong>omnibus</strong></span> <span class='ocrx_word' id='word_1_137' title='bbox 698 2553 909 2637; x_wconf 89' lang='lat' dir='ltr'><strong>cupientibus</strong></span> <span class='ocrx_word' id='word_1_138' title='bbox 928 2554 972 2617; x_wconf 91' lang='lat' dir='ltr'><strong>ad</strong></span> <span class='ocrx_word' id='word_1_139' title='bbox 993 2552 1138 2617; x_wconf 89' lang='lat' dir='ltr'><strong>hostium</strong></span> <span class='ocrx_word' id='word_1_140' title='bbox 1154 2563 1262 2617; x_wconf 90' lang='lat' dir='ltr'><strong>castra</strong></span> 
     </span>
     <span class='ocr_line' id='line_1_22' title="bbox 212 2657 390 2722; baseline -0.006 -1"><span class='ocrx_word' id='word_1_141' title='bbox 212 2657 390 2722; x_wconf 92' lang='lat' dir='ltr'><strong>contendit.</strong></span> 
     </span>
    </p>

    <p class='ocr_par' dir='ltr' id='par_1_7' title="bbox 148 2758 1408 3470">
     <span class='ocr_line' id='line_1_23' title="bbox 148 2758 1371 2847; baseline -0.007 -18"><span class='ocrx_word' id='word_1_142' title='bbox 148 2775 192 2832; x_wconf 77' lang='lat'><strong>25</strong></span> <span class='ocrx_word' id='word_1_143' title='bbox 256 2761 308 2825; x_wconf 93' lang='lat' dir='ltr'><strong>lbi</strong></span> <span class='ocrx_word' id='word_1_144' title='bbox 320 2781 396 2824; x_wconf 92' lang='lat' dir='ltr'><strong>cum</strong></span> <span class='ocrx_word' id='word_1_145' title='bbox 412 2760 467 2826; x_wconf 92' lang='lat' dir='ltr'><strong>alii</strong></span> <span class='ocrx_word' id='word_1_146' title='bbox 482 2759 589 2825; x_wconf 86' lang='lat' dir='ltr'><strong>fossas</strong></span> <span class='ocrx_word' id='word_1_147' title='bbox 599 2761 813 2844; x_wconf 88' lang='lat' dir='ltr'><strong>complerent,</strong></span> <span class='ocrx_word' id='word_1_148' title='bbox 824 2760 880 2825; x_wconf 90' lang='lat' dir='ltr'><strong>alii</strong></span> <span class='ocrx_word' id='word_1_149' title='bbox 892 2758 1005 2825; x_wconf 90' lang='lat' dir='ltr'><strong>multis</strong></span> <span class='ocrx_word' id='word_1_150' title='bbox 1016 2759 1091 2824; x_wconf 91' lang='lat' dir='ltr'><strong>telis</strong></span> <span class='ocrx_word' id='word_1_151' title='bbox 1102 2761 1260 2826; x_wconf 89' lang='lat' dir='ltr'><strong>coniectis</strong></span> <span class='ocrx_word' id='word_1_152' title='bbox 1273 2771 1322 2821; x_wconf 75' lang='lat' dir='ltr'><strong>md</strong></span> <span class='ocrx_word' id='word_1_153' title='bbox 1334 2773 1371 2847; x_wconf 71' lang='lat' dir='ltr'><strong>oy¹</strong></span> 
     </span>
     <span class='ocr_line' id='line_1_24' title="bbox 211 2852 1408 2952; baseline 0.001 -23"><span class='ocrx_word' id='word_1_154' title='bbox 211 2863 400 2930; x_wconf 83' lang='lat' dir='ltr'><strong>defensores</strong></span> <span class='ocrx_word' id='word_1_155' title='bbox 428 2864 516 2930; x_wconf 88' lang='lat' dir='ltr'><strong>vallo</strong></span> <span class='ocrx_word' id='word_1_156' title='bbox 546 2865 851 2947; x_wconf 89' lang='lat' dir='ltr'><strong>munitionibusque</strong></span> <span class='ocrx_word' id='word_1_157' title='bbox 880 2864 1095 2946; x_wconf 85' lang='lat' dir='ltr'><strong>depellerent,</strong></span> <span class='ocrx_word' id='word_1_158' title='bbox 1120 2852 1408 2952; x_wconf 53' lang='lat' dir='ltr'><strong>auxilia·{2¹f„¹,&#39;¹,¹³1,¹‡lg</strong></span> 
     </span>
     <span class='ocr_line' id='line_1_25' title="bbox 209 2967 1325 3053; baseline 0 -19"><span class='ocrx_word' id='word_1_159' title='bbox 209 2990 335 3053; x_wconf 90' lang='lat' dir='ltr'><strong>resque,</strong></span> <span class='ocrx_word' id='word_1_160' title='bbox 361 2968 483 3052; x_wconf 91' lang='lat' dir='ltr'><strong>quibus</strong></span> <span class='ocrx_word' id='word_1_161' title='bbox 507 2969 550 3033; x_wconf 87' lang='lat' dir='ltr'><strong>ad</strong></span> <span class='ocrx_word' id='word_1_162' title='bbox 581 2988 728 3053; x_wconf 90' lang='lat' dir='ltr'><strong>pugnam</strong></span> <span class='ocrx_word' id='word_1_163' title='bbox 755 2988 822 3032; x_wconf 90' lang='lat' dir='ltr'><strong>non</strong></span> <span class='ocrx_word' id='word_1_164' title='bbox 848 2967 990 3034; x_wconf 90' lang='lat' dir='ltr'><strong>multum</strong></span> <span class='ocrx_word' id='word_1_165' title='bbox 1016 2968 1154 3035; x_wconf 89' lang='lat' dir='ltr'><strong>Crassus</strong></span> <span class='ocrx_word' id='word_1_166' title='bbox 1181 2990 1258 3034; x_wconf 91' lang='lat' dir='ltr'><strong>con·</strong></span> <span class='ocrx_word' id='word_1_167' title='bbox 1272 2983 1325 3018; x_wconf 64' lang='lat'><strong>¹0⁸1</strong></span> 
     </span>
     <span class='ocr_line' id='line_1_26' title="bbox 209 3073 1259 3159; baseline 0.001 -22"><span class='ocrx_word' id='word_1_168' title='bbox 209 3073 342 3154; x_wconf 90' lang='lat' dir='ltr'><strong>fidebat,</strong></span> <span class='ocrx_word' id='word_1_169' title='bbox 355 3073 520 3158; x_wconf 91' lang='lat' dir='ltr'><strong>lapidibus</strong></span> <span class='ocrx_word' id='word_1_170' title='bbox 536 3073 678 3157; x_wconf 91' lang='lat' dir='ltr'><strong>telisque</strong></span> <span class='ocrx_word' id='word_1_171' title='bbox 693 3073 984 3139; x_wconf 89' lang='lat' dir='ltr'><strong>subministrandis</strong></span> <span class='ocrx_word' id='word_1_172' title='bbox 994 3083 1029 3138; x_wconf 93' lang='lat' dir='ltr'><strong>et</strong></span> <span class='ocrx_word' id='word_1_173' title='bbox 1044 3074 1087 3139; x_wconf 92' lang='lat' dir='ltr'><strong>ad</strong></span> <span class='ocrx_word' id='word_1_174' title='bbox 1103 3094 1259 3159; x_wconf 85' lang='lat' dir='ltr'><strong>aggerem</strong></span> 
     </span>
     <span class='ocr_line' id='line_1_27' title="bbox 209 3177 1260 3261; baseline 0.001 -21"><span class='ocrx_word' id='word_1_175' title='bbox 209 3178 408 3260; x_wconf 89' lang='lat' dir='ltr'><strong>caespitibus</strong></span> <span class='ocrx_word' id='word_1_176' title='bbox 445 3177 694 3260; x_wconf 87' lang='lat' dir='ltr'><strong>comportandis</strong></span> <span class='ocrx_word' id='word_1_177' title='bbox 738 3179 884 3261; x_wconf 89' lang='lat' dir='ltr'><strong>speciem</strong></span> <span class='ocrx_word' id='word_1_178' title='bbox 924 3189 1026 3261; x_wconf 89' lang='lat' dir='ltr'><strong>atque</strong></span> <span class='ocrx_word' id='word_1_179' title='bbox 1067 3178 1260 3261; x_wconf 88' lang='lat' dir='ltr'><strong>opinionem</strong></span> 
     </span>
     <span class='ocr_line' id='line_1_28' title="bbox 208 3281 1261 3364; baseline 0 -21"><span class='ocrx_word' id='word_1_180' title='bbox 208 3281 429 3363; x_wconf 86' lang='lat' dir='ltr'><strong>pugnantium</strong></span> <span class='ocrx_word' id='word_1_181' title='bbox 445 3281 652 3364; x_wconf 91' lang='lat' dir='ltr'><strong>praeberent,</strong></span> <span class='ocrx_word' id='word_1_182' title='bbox 663 3300 738 3346; x_wconf 89' lang='lat' dir='ltr'><strong>cum</strong></span> <span class='ocrx_word' id='word_1_183' title='bbox 754 3282 835 3346; x_wconf 90' lang='lat' dir='ltr'><strong>item</strong></span> <span class='ocrx_word' id='word_1_184' title='bbox 847 3282 891 3345; x_wconf 93' lang='lat' dir='ltr'><strong>ab</strong></span> <span class='ocrx_word' id='word_1_185' title='bbox 902 3281 1053 3346; x_wconf 90' lang='lat' dir='ltr'><strong>hostibus</strong></span> <span class='ocrx_word' id='word_1_186' title='bbox 1068 3291 1261 3347; x_wconf 88' lang='lat' dir='ltr'><strong>constanter</strong></span> 
     </span>
     <span class='ocr_line' id='line_1_29' title="bbox 208 3385 1259 3470; baseline 0 -22"><span class='ocrx_word' id='word_1_187' title='bbox 208 3405 247 3450; x_wconf 92' lang='lat' dir='ltr'><strong>ac</strong></span> <span class='ocrx_word' id='word_1_188' title='bbox 273 3404 340 3449; x_wconf 93' lang='lat' dir='ltr'><strong>non</strong></span> <span class='ocrx_word' id='word_1_189' title='bbox 369 3386 487 3450; x_wconf 89' lang='lat' dir='ltr'><strong>timide</strong></span> <span class='ocrx_word' id='word_1_190' title='bbox 517 3396 729 3470; x_wconf 88' lang='lat' dir='ltr'><strong>pugnaretur,</strong></span> <span class='ocrx_word' id='word_1_191' title='bbox 754 3385 887 3467; x_wconf 90' lang='lat' dir='ltr'><strong>telaque</strong></span> <span class='ocrx_word' id='word_1_192' title='bbox 917 3406 961 3450; x_wconf 85' lang='lat' dir='ltr'><strong>ex</strong></span> <span class='ocrx_word' id='word_1_193' title='bbox 988 3386 1062 3450; x_wconf 88' lang='lat' dir='ltr'><strong>loco</strong></span> <span class='ocrx_word' id='word_1_194' title='bbox 1092 3385 1259 3467; x_wconf 89' lang='lat' dir='ltr'><strong>superiore</strong></span> 
     </span>
    </p>

    <p class='ocr_par' dir='ltr' id='par_1_8' title="bbox 180 3487 1258 3781">
     <span class='ocr_line' id='line_1_30' title="bbox 180 3487 1257 3572; baseline -0.002 -20"><span class='ocrx_word' id='word_1_195' title='bbox 180 3487 310 3552; x_wconf 71' lang='lat' dir='ltr'><strong>smissa</strong></span> <span class='ocrx_word' id='word_1_196' title='bbox 324 3508 392 3552; x_wconf 89' lang='lat' dir='ltr'><strong>non</strong></span> <span class='ocrx_word' id='word_1_197' title='bbox 412 3488 533 3554; x_wconf 87' lang='lat' dir='ltr'><strong>frustra</strong></span> <span class='ocrx_word' id='word_1_198' title='bbox 552 3489 744 3568; x_wconf 89' lang='lat' dir='ltr'><strong>acciderent,</strong></span> <span class='ocrx_word' id='word_1_199' title='bbox 759 3490 889 3572; x_wconf 89' lang='lat' dir='ltr'><strong>equites</strong></span> <span class='ocrx_word' id='word_1_200' title='bbox 910 3488 1090 3553; x_wconf 89' lang='lat' dir='ltr'><strong>circumitis</strong></span> <span class='ocrx_word' id='word_1_201' title='bbox 1110 3487 1257 3551; x_wconf 90' lang='lat' dir='ltr'><strong>hostium</strong></span> 
     </span>
     <span class='ocr_line' id='line_1_31' title="bbox 207 3589 1258 3674; baseline -0.003 -17"><span class='ocrx_word' id='word_1_202' title='bbox 207 3592 322 3657; x_wconf 87' lang='lat' dir='ltr'><strong>castris</strong></span> <span class='ocrx_word' id='word_1_203' title='bbox 340 3589 459 3657; x_wconf 86' lang='lat' dir='ltr'><strong>Crasso</strong></span> <span class='ocrx_word' id='word_1_204' title='bbox 479 3594 756 3672; x_wconf 86' lang='lat' dir='ltr'><strong>renuntiaverunt,</strong></span> <span class='ocrx_word' id='word_1_205' title='bbox 770 3614 838 3658; x_wconf 92' lang='lat' dir='ltr'><strong>non</strong></span> <span class='ocrx_word' id='word_1_206' title='bbox 859 3595 975 3658; x_wconf 90' lang='lat' dir='ltr'><strong>eadem</strong></span> <span class='ocrx_word' id='word_1_207' title='bbox 996 3611 1069 3656; x_wconf 89' lang='lat' dir='ltr'><strong>esse</strong></span> <span class='ocrx_word' id='word_1_208' title='bbox 1089 3591 1258 3674; x_wconf 87' lang='lat' dir='ltr'><strong>diligentia</strong></span> 
     </span>
     <span class='ocr_line' id='line_1_32' title="bbox 206 3694 1257 3781; baseline 0 -21"><span class='ocrx_word' id='word_1_209' title='bbox 206 3698 252 3761; x_wconf 91' lang='lat' dir='ltr'><strong>ab</strong></span> <span class='ocrx_word' id='word_1_210' title='bbox 278 3695 460 3762; x_wconf 90' lang='lat' dir='ltr'><strong>decumana</strong></span> <span class='ocrx_word' id='word_1_211' title='bbox 485 3706 583 3781; x_wconf 89' lang='lat' dir='ltr'><strong>porta</strong></span> <span class='ocrx_word' id='word_1_212' title='bbox 609 3707 716 3762; x_wconf 89' lang='lat' dir='ltr'><strong>castra</strong></span> <span class='ocrx_word' id='word_1_213' title='bbox 743 3697 872 3762; x_wconf 90' lang='lat' dir='ltr'><strong>munita</strong></span> <span class='ocrx_word' id='word_1_214' title='bbox 902 3694 1099 3778; x_wconf 87' lang='lat' dir='ltr'><strong>facilemque</strong></span> <span class='ocrx_word' id='word_1_215' title='bbox 1128 3695 1257 3760; x_wconf 87' lang='lat' dir='ltr'><strong>aditum</strong></span> 
     </span>
    </p>
   </div>
   <div class='ocr_carea' id='block_1_7' title="bbox 206 3800 338 3865">
    <p class='ocr_par' dir='ltr' id='par_1_9' title="bbox 206 3800 338 3865">
     <span class='ocr_line' id='line_1_33' title="bbox 206 3800 338 3865; baseline -0.023 0"><span class='ocrx_word' id='word_1_216' title='bbox 206 3800 338 3865; x_wconf 89' lang='lat' dir='ltr'><strong>habere.</strong></span> 
     </span>
    </p>
   </div>
   <div class='ocr_carea' id='block_1_8' title="bbox 205 3984 1257 4183">
    <p class='ocr_par' dir='ltr' id='par_1_10' title="bbox 205 3984 1257 4183">
     <span class='ocr_line' id='line_1_34' title="bbox 238 3984 1257 4051; baseline 0.003 -15"><span class='ocrx_word' id='word_1_217' title='bbox 238 3988 283 4036; x_wconf 76' lang='lat'><strong>24.</strong></span> <span class='ocrx_word' id='word_1_218' title='bbox 298 3990 312 4046; x_wconf 64' lang='grc' dir='ltr'><strong>ς</strong></span> <span class='ocrx_word' id='word_1_219' title='bbox 330 4001 353 4051; x_wconf 82' lang='lat'><strong>5.</strong></span> <span class='ocrx_word' id='word_1_220' title='bbox 375 3985 472 4051; x_wconf 74' lang='lat' dir='ltr'><strong>[etque</strong></span> <span class='ocrx_word' id='word_1_221' title='bbox 485 3988 621 4044; x_wconf 80' lang='lat' dir='ltr'><strong>opinione</strong></span> <span class='ocrx_word' id='word_1_222' title='bbox 632 3989 708 4037; x_wconf 79' lang='lat' dir='ltr'><strong>timi·</strong></span> <span class='ocrx_word' id='word_1_223' title='bbox 758 3985 889 4050; x_wconf 75' lang='lat' dir='ltr'><strong>following</strong></span> <span class='ocrx_word' id='word_1_224' title='bbox 905 3985 948 4036; x_wconf 87' lang='lat' dir='ltr'><strong>the</strong></span> <span class='ocrx_word' id='word_1_225' title='bbox 965 3984 1105 4048; x_wconf 82' lang='lat' dir='ltr'><strong>conjecture</strong></span> <span class='ocrx_word' id='word_1_226' title='bbox 1121 3985 1151 4035; x_wconf 82' lang='lat' dir='ltr'><strong>of</strong></span> <span class='ocrx_word' id='word_1_227' title='bbox 1160 3986 1191 4036; x_wconf 80' lang='lat' dir='ltr'><strong>R.</strong></span> <span class='ocrx_word' id='word_1_228' title='bbox 1203 3986 1257 4039; x_wconf 83' lang='lat' dir='ltr'><strong>Ste-</strong></span> 
     </span>
     <span class='ocr_line' id='line_1_35' title="bbox 206 4051 1202 4118; baseline 0.002 -17"><span class='ocrx_word' id='word_1_229' title='bbox 206 4052 321 4117; x_wconf 64' lang='lat' dir='ltr'><strong>dlores}</strong></span> <span class='ocrx_word' id='word_1_230' title='bbox 354 4051 437 4103; x_wconf 74' lang='lat' dir='ltr'><strong>There</strong></span> <span class='ocrx_word' id='word_1_231' title='bbox 450 4053 472 4102; x_wconf 82' lang='lat' dir='ltr'><strong>is</strong></span> <span class='ocrx_word' id='word_1_232' title='bbox 481 4051 621 4118; x_wconf 77' lang='lat' dir='ltr'><strong>something</strong></span> <span class='ocrx_word' id='word_1_233' title='bbox 630 4054 707 4103; x_wconf 77' lang='lat' dir='ltr'><strong>amics</strong></span> <span class='ocrx_word' id='word_1_234' title='bbox 757 4052 864 4118; x_wconf 75' lang='lat' dir='ltr'><strong>pisanus,</strong></span> <span class='ocrx_word' id='word_1_235' title='bbox 874 4051 933 4102; x_wconf 84' lang='lat' dir='ltr'><strong>read</strong></span> <span class='ocrx_word' id='word_1_236' title='bbox 945 4052 1077 4116; x_wconf 82' lang='lat' dir='ltr'><strong>‘opiulone</strong></span> <span class='ocrx_word' id='word_1_237' title='bbox 1088 4051 1202 4103; x_wconf 82' lang='lat' dir='ltr'><strong>timoris.&#39;</strong></span> 
     </span>
     <span class='ocr_line' id='line_1_36' title="bbox 205 4116 702 4183; baseline 0.004 -15"><span class='ocrx_word' id='word_1_238' title='bbox 205 4117 267 4168; x_wconf 75' lang='lat' dir='ltr'><strong>with</strong></span> <span class='ocrx_word' id='word_1_239' title='bbox 281 4118 324 4168; x_wconf 85' lang='lat' dir='ltr'><strong>the</strong></span> <span class='ocrx_word' id='word_1_240' title='bbox 344 4125 396 4169; x_wconf 81' lang='lat' dir='ltr'><strong>text</strong></span> <span class='ocrx_word' id='word_1_241' title='bbox 415 4116 480 4170; x_wconf 84' lang='lat' dir='ltr'><strong>bere.</strong></span> <span class='ocrx_word' id='word_1_242' title='bbox 514 4117 583 4170; x_wconf 81' lang='lat' dir='ltr'><strong>Most</strong></span> <span class='ocrx_word' id='word_1_243' title='bbox 602 4119 702 4183; x_wconf 77' lang='lat' dir='ltr'><strong>editors,</strong></span> 
     </span>
    </p>
   </div>
   <div class='ocr_carea' id='block_1_9' title="bbox 0 0 1622 5134">
    <p class='ocr_par' dir='ltr' id='par_1_11' title="bbox 0 0 1622 5134">
     <span class='ocr_line' id='line_1_37' title="bbox 0 0 1622 5134; baseline 0 4"><span class='ocrx_word' id='word_1_244' title='bbox 0 0 1622 5134; x_wconf 95' lang='lat' dir='ltr'><strong> </strong></span> 
     </span>
    </p>
   </div>
  </div>
 </body>
</html>
