3234 5134
194 627 239 675 26.
253 623 281 689 a]
421 622 475 672 DE
497 622 619 673 BELLO
645 621 813 673 GALLICO.
865 619 935 671 ΗΒ.
964 620 1017 670 VII
1184 608 1244 686 267

194 792 233 848 ut
263 783 320 848 alii
349 784 576 867 eruptionibus
604 784 802 861 resisterent,
828 782 885 847 alii
914 792 1021 847 turres
1051 781 1245 846 reducerent

195 908 417 971 aggeremque
432 888 713 965 interscinderent,
725 887 834 952 omnis
848 907 928 951 vero
943 907 987 950 ex
1002 886 1117 950 castris
1134 884 1243 949 multi·

194 992 278 1056 tudo
292 992 334 1055 ad
350 992 618 1076 restinguendum
635 1000 852 1055 concurreret.

133 1101 198 1154 215⁴
239 1094 324 1160 Cum
348 1095 381 1158 in
409 1096 561 1161 omnibus
585 1094 667 1159 locis
693 1104 891 1176 consumpta
912 1092 978 1157 iam
1000 1092 1126 1177 reliqua
1148 1101 1243 1175 parte
1255 1101 1386 1166 Gallanrry

194 1200 302 1263 noctis
330 1210 542 1284 pugnaretur,
571 1219 767 1283 semperque
796 1197 947 1261 hostibus
979 1217 1054 1280 spes
1086 1196 1242 1262 victoriae
1255 1168 1342 1284 ffl}

196 1302 481 1385 redintegraretur,
496 1323 537 1367 eo
555 1303 671 1387 magis,
685 1305 777 1386 quod
796 1302 934 1383 deustos
950 1300 1082 1383 pluteos
1101 1301 1242 1364 turrium

194 1407 353 1471 videbant
365 1427 425 1471 nec
437 1406 534 1471 facile
548 1407 639 1470 adire
654 1418 787 1490 apertos
799 1405 841 1470 ad
854 1403 1080 1469 auxiliandum
1094 1404 1243 1468 animad-

194 1510 380 1589 vertebant,
399 1531 598 1594 semperque
618 1511 680 1594 ipsi
701 1519 850 1575 recentes
873 1507 1009 1573 defessis
1031 1501 1244 1579 succederent

195 1633 396 1696 omnemque
426 1613 554 1679 Galliae
587 1613 729 1679 salutem
761 1613 794 1676 in
824 1612 881 1677 illo
910 1611 1053 1694 vestigio
1086 1612 1245 1694 temporis

196 1716 338 1799 positam
353 1718 596 1794 arbitrarentur,
613 1718 733 1784 accidit
753 1716 1014 1800 inspectantibus
1033 1715 1138 1793 nobis,
1153 1714 1244 1798 quod

196 1820 335 1903 dignum
356 1822 515 1886 memoria
528 1823 635 1886 visum
655 1820 933 1906 praetereundum
954 1840 1021 1884 non
1043 1818 1245 1882 existimavi·

168 1945 280 1989 amus.
325 1924 471 2008 Quidam
498 1937 576 1990 ante
602 1935 733 2009 portam
760 1923 877 2008 oppidi
903 1923 1020 1989 Gallus
1047 1943 1107 2006 per
1129 1942 1245 1986 manus

196 2029 265 2093 sevi
287 2051 326 2095 ac
349 2030 432 2114 picis
457 2031 596 2094 traditas
619 2028 734 2114 glebas
760 2030 792 2092 in
816 2029 926 2112 ignem
948 2048 968 2091 e
991 2028 1125 2110 regione
1147 2026 1245 2090 turris

196 2133 397 2216 proiciebat3
427 2134 602 2216 scorpione
624 2133 667 2196 ab
687 2133 790 2197 latere
808 2133 931 2197 dextro
953 2131 1108 2196 traiectus
1130 2129 1244 2193 exani-

168 2248 372 2319 3matusque
394 2237 548 2302 concidit.
594 2237 696 2301 Hunc
719 2257 764 2300 ex
786 2236 950 2319 proximis
973 2255 1057 2299 unus
1081 2234 1243 2298 iacentem

196 2352 418 2423 transgressus
454 2341 572 2405 eodem
608 2340 665 2404 illo
699 2361 833 2406 munere
870 2339 1089 2422 fungebatur3
1126 2337 1243 2402 eadem

197 2445 325 2509 ratione
341 2446 407 2509 ictu
423 2446 605 2528 scorpionis
621 2446 814 2510 exanimato
835 2444 931 2509 alteri
951 2443 1109 2508 successit
1129 2441 1246 2506 tertius

167 2558 231 2616 set
255 2549 354 2613 tertio
377 2560 524 2633 quartus,
547 2570 607 2613 nec
631 2551 722 2634 prius
745 2548 800 2613 ille
824 2558 874 2612 est
898 2569 919 2613 a
944 2547 1245 2632 propugnatoribus

195 2672 318 2717 vacuus
334 2654 466 2718 relictus
483 2652 581 2732 locus,
596 2674 696 2736 quam
717 2653 876 2717 restincto
896 2672 1017 2736 aggere
1036 2660 1139 2734 atque
1153 2650 1244 2713 omni

196 2776 241 2819 ex
256 2767 351 2840 parte
366 2756 530 2824 submotis
544 2756 697 2821 hostibus
712 2756 786 2820 finis
800 2766 852 2820 est
867 2755 1038 2840 pugnandi
1053 2754 1170 2818 sactus.

136 2876 178 2931 26
241 2861 365 2925 Omnia
401 2861 533 2943 experti
568 2859 664 2940 Galli,
694 2861 785 2944 quod
823 2880 875 2924 res
908 2857 998 2923 nulla
1034 2869 1244 2936 successerat,
1257 2866 1414 2930 Anatoempt

196 2974 331 3048 postero
366 2964 420 3027 die
449 2962 620 3028 consilium
650 2973 808 3047 ceperunt
838 2983 882 3027 ex
912 2963 1038 3047 oppido
1071 2963 1245 3047 profugere
1257 2938 1411 3065 {logffir

169 3069 352 3134 zhortante
377 3077 411 3132 et
436 3068 572 3132 iubente
594 3069 874 3153 Vercingetorige.
921 3068 961 3131 Id
983 3067 1115 3132 silentio
1139 3067 1245 3131 noctis
1256 3063 1299 3114 the
1310 3079 1414 3115 women.

196 3174 306 3237 conati
323 3193 389 3236 non
405 3192 529 3255 magna
546 3172 671 3237 iactura
692 3194 825 3237 suorum
846 3193 919 3236 sese
940 3171 1114 3236 effecturos
1134 3190 1245 3253 spera·

228 3334 274 3382 26.
288 3337 301 3392 ς
317 3346 338 3383 1.
355 3336 407 3383 illo
417 3337 540 3393 resumo
551 3336 694 3394 temporis,
746 3331 846 3383 wheels.
880 3331 963 3381 There
974 3346 1037 3380 were
1048 3337 1099 3379 two
1109 3328 1192 3389 kinds,
1204 3328 1246 3379 the

197 3401 248 3448 ‘on
265 3398 319 3448 that
336 3398 464 3450 moment!
498 3401 546 3464 Cp.
565 3401 596 3450 C.
610 3400 637 3449 ii.
655 3398 694 3459 ²6,
746 3399 828 3462 larger
842 3398 892 3447 and
908 3397 950 3447 the
965 3396 1072 3445 smalier.
1105 3395 1160 3444 Liv.
1180 3397 1246 3445 xxvi.

197 3467 211 3523 ς
232 3478 244 3511 a
266 3466 308 3514 ‘et
328 3465 433 3529 vestigio
453 3465 572 3531 temporis
590 3465 661 3529 (=in
680 3481 696 3513 a
745 3461 849 3529 47,§6;
866 3464 931 3527 49,§
944 3476 959 3524 3
972 3462 1129 3525 ‘scorpiones
1139 3462 1246 3510 maiores

196 3531 318 3587 moment)
341 3531 448 3615 primum
474 3546 564 3595 agmen
591 3538 643 3579 erat
670 3530 695 3578 in
746 3528 917 3593 minoresque?

196 3602 341 3682 cpqspectu.
382 3596 695 3660 Seeiv.5,53‘inves·
781 3595 1244 3669 53.alteri...tertius...quer-

244 3675 260 3709 o
745 3666 801 3709 tus.
835 3658 890 3708 The
900 3657 971 3708 usual
981 3659 1055 3707 mode
1066 3659 1096 3706 oi
1103 3656 1245 3721 reckomng.

231 3698 280 3785 §h
299 3724 497 3791 aevi,‘greaae.’
531 3725 577 3790 Cp.
591 3726 641 3777 viii.
652 3741 695 3791 4²,
779 3727 857 3782 wi
882 3737 902 3773 1.
930 3725 1083 3774 consilium
1108 3730 1245 3780 oeperunt

197 3795 243 3850 ξι
269 3791 404 3857 ‘oppidani
433 3807 509 3876 capes
539 3806 606 3849 sero,
632 3794 696 3857 pice,
747 3792 963 3848 ...profanare
1005 3788 1151 3839 ‘consilium
1173 3802 1245 3853 cepe·

196 3856 464 3922 scanduliscompleut
746 3856 819 3906 runt’
846 3855 960 3920 together
985 3870 1026 3904 are
1049 3853 1190 3919 equivalent
1217 3862 1245 3903 to

196 3925 383 4039 rhait‘
404 3926 503 3981 ‘'¹²¹¹''
526 3921 647 3988 ‘cmm
669 3930 696 3972 ²⁸
746 3918 1064 4036 {thelim
1083 3920 1245 4035 litha}

229 4057 384 4111 scorpione.
429 4053 485 4105 The
506 4054 621 4118 scorpion
643 4070 695 4103 was
745 4050 1063 4117 expected‘prosugiendi.’
1089 4000 1137 4116 Ch}
1150 4062 1191 4114 71,
1205 4056 1242 4111 ξι

196 4134 212 4167 a
237 4118 351 4171 machine
379 4118 431 4170 like
458 4136 473 4169 a
500 4120 636 4170 emas-bow
661 4135 695 4170 on
747 4118 893 4170 ‘consilinm
905 4118 989 4183 capit.
1003 4116 1183 4168 ..dimittere
