3234 5134
355 610 416 674 ωε
700 618 729 668 c.
756 615 853 668 rurrr
877 612 1067 666 crassius
1321 611 1395 678 [as

354 781 587 863 Ambiorigem
603 777 665 843 sibi
681 780 843 844 societate
857 787 891 843 et
906 775 1040 842 foedere
1049 776 1246 860 adiungunt.
1276 773 1395 858 Quibus
1410 789 1435 840 3

356 887 454 951 rebus
469 884 612 966 cognitis
628 882 762 956 Caesar,
773 902 850 947 cum
861 883 1008 965 undique
1016 879 1140 945 bellum
1152 879 1397 963 pararividerm,

358 987 507 1062 Nervios,
522 986 720 1051 Aduatucos
734 982 802 1074 [ac]
821 985 994 1068 Menapios
1013 984 1177 1050 adiunctis
1193 982 1398 1048 Cisrhenanis

355 1091 510 1158 omnibus
526 1089 700 1155 Germanis
715 1111 788 1155 esse
803 1091 837 1154 in
852 1090 963 1164 armis,
980 1087 1129 1154 Senones
1145 1087 1189 1151 ad
1205 1087 1399 1171 imperatum

356 1215 422 1260 non
449 1196 561 1260 venire
584 1203 619 1259 et
644 1215 721 1259 cum
752 1193 953 1260 Carnutibus
976 1191 1190 1274 finitimisque
1217 1190 1400 1255 civitatibus

355 1298 492 1364 consilia
507 1299 759 1374 communicare,
774 1318 795 1361 a
808 1297 962 1362 Treveris
977 1295 1162 1362 Germanos
1176 1295 1301 1359 crebris
1316 1294 1401 1377 lega·

354 1403 501 1468 tionibus
526 1402 707 1476 sollicitari,
735 1402 897 1466 maturius
923 1401 986 1465 sibi
1012 1401 1057 1465 de
1078 1398 1167 1464 bello
1188 1398 1402 1483 cogitandum

356 1506 495 1590 putavit

190 1619 329 1671 liemare
403 1610 520 1694 ltaque
550 1610 698 1674 nondum
732 1608 842 1673 hieme
871 1609 1021 1675 confecta
1057 1608 1218 1691 proximis
1245 1612 1431 1690 quattuors

188 1685 320 1815 {52⁶³ss
357 1713 480 1780 coactis
498 1714 683 1797 legionibus
699 1714 742 1778 de
759 1713 939 1795 improviso
953 1714 987 1778 in
1005 1711 1089 1777 fines
1109 1712 1306 1777 Nerviorum
1325 1730 1403 1776 corr·

187 1815 335 1868 meumst
356 1820 467 1885 tendit
493 1829 537 1897 et,
563 1819 755 1902 priusquam
789 1817 835 1881 illi
861 1826 920 1882 aut
945 1817 1118 1883 convenire
1140 1828 1199 1882 aut
1230 1814 1427 1899 profugere¹

356 1933 501 2006 possent,
527 1941 648 2003 magno
672 1922 798 2004 pecoris
821 1931 924 2005 atque
946 1921 1118 1987 hominum
1143 1939 1281 1985 numero
1302 1929 1404 2001 capto

354 2038 457 2109 atque
478 2047 518 2090 aa
540 2027 664 2107 praeda
685 2024 845 2091 militibus
865 2046 1021 2091 concessa
1038 2026 1241 2109 vastatisque
1260 2024 1348 2106 agris
1368 2024 1404 2087 in

354 2129 557 2195 deditionem
581 2128 693 2193 venire
717 2139 818 2212 atque
841 2130 976 2194 obsides
996 2130 1058 2195 sibi
1080 2131 1159 2195 dare
1184 2130 1305 2215 coegit„
1351 2128 1431 2198 Eos

355 2233 503 2298 celeriter
527 2231 678 2297 consecto
709 2233 847 2316 negotio
881 2253 992 2299 rursus
1021 2234 1055 2298 in
1089 2234 1226 2298 hiberna
1259 2232 1404 2317 legiones

189 2337 500 2409 Tnemmessreduxit
546 2334 697 2401 Concilio
728 2334 858 2401 Galliae
888 2338 997 2419 primo
1027 2358 1113 2412 vere,
1143 2347 1180 2401 ut
1209 2337 1433 2414 institueram

188 2423 333 2540 affl&
357 2441 580 2519 indictorum
600 2439 715 2523 reliqui
731 2450 861 2523 praeter
873 2440 1030 2516 Senones,
1047 2441 1210 2508 Carnutes
1225 2441 1403 2505 Treveros·

187 2563 215 2607 ro
227 2554 303 2605 Paris
354 2565 420 2629 que
434 2545 611 2619 venissent,
625 2545 756 2609 initium
775 2545 855 2609 belli
876 2564 916 2609 ac
936 2546 1131 2612 desectionis
1150 2545 1215 2610 hoc
1229 2564 1302 2610 esse
1317 2545 1404 2609 arbi-

355 2657 469 2724 tratus,
481 2658 518 2712 ut
527 2649 639 2713 omnia
649 2661 850 2733 postponere
861 2649 1036 2727 videretur,
1044 2649 1219 2714 concilium
1231 2649 1402 2715 Lutetiam

356 2752 554 2816 Parisiorum
570 2753 734 2817 transfert.
780 2751 937 2819 Confines
956 2763 1052 2818 erant
1066 2752 1101 2817 hi
1121 2751 1312 2819 Senonibus
1326 2753 1432 2822 civi-⁵

353 2864 524 2939 tabemque
549 2866 680 2939 patrum
716 2858 875 2922 memoria
900 2858 1154 2936 coniunxerant,
1178 2858 1238 2922 sed
1264 2857 1309 2922 ab
1339 2857 1403 2923 hoc

355 2957 493 3022 consilio
514 2957 636 3025 afuisse
658 2960 947 3025 existimabantur.
1002 2960 1077 3026 Hae
1100 2981 1218 3044 repro
1243 2972 1433 3045 suggestus

355 3062 568 3146 pronuntiata
589 3064 708 3127 eodem
731 3065 882 3128 dierum
902 3065 1087 3149 legionibus
1107 3066 1142 3128 in
1164 3064 1311 3130 Senones
1327 3085 1404 3148 pro·

356 3163 512 3230 ficiscitur
527 3167 721 3249 magnisque
735 3167 906 3232 itineribus
920 3188 962 3233 eo
976 3170 1133 3254 pervenit.

402 3267 545 3353 Cognito
563 3270 633 3334 eius
654 3272 798 3336 adventu
821 3270 927 3351 Accu,
941 3273 997 3355 qui
1016 3273 1169 3357 princeps
1190 3273 1259 3337 eius
1277 3272 1439 3339 consiliu

356 3373 472 3453 iuerat,
487 3373 579 3439 iubet
593 3375 625 3438 in
640 3375 764 3458 oppida
778 3376 1025 3441 multitudinem
1041 3378 1224 3442 convenire.
1271 3377 1403 3444 Conan-

388 3522 414 3569 8.
433 3522 446 3578 ἱ
463 3535 488 3582 4
508 3520 653 3569 Latonam
670 3521 855 3572 Parisiorum.
906 3521 997 3572 author
1020 3522 1050 3573 ol
1073 3521 1116 3573 the
1139 3522 1236 3573 Bellum
1259 3523 1404 3574 Africanum

356 3583 857 3651 ThiaistheiirstappenrauoeoiParir
906 3603 961 3638 uses
987 3589 1031 3639 the
1057 3604 1127 3639 same
1154 3588 1253 3653 phrase,
1281 3589 1320 3646 86.
1347 3594 1361 3649 l
1386 3606 1404 3651 4

357 3648 382 3697 iu
400 3649 500 3714 history.
534 3650 582 3701 We
599 3667 656 3717 may
672 3668 700 3701 sn
798 3653 855 3703 that
906 3654 1031 3719 ‘praemia
1044 3654 1177 3705 fortissimo
1191 3656 1279 3720 cuique
1295 3671 1325 3705 sc
1341 3656 1404 3705 bure

356 3713 507 3765 theconncil
519 3715 569 3766 had
577 3717 710 3782 originally
787 3735 855 3768 snm·
906 3720 1066 3785 merentipro
1172 3729 1198 3771 tu
1214 3719 1315 3781 tribuit:
1327 3721 1404 3771 while

356 3779 447 3828 moneri
464 3788 491 3830 to
511 3791 576 3832 meet
595 3790 621 3833 at
638 3784 741 3834 hmlens
759 3785 809 3849 (cp.
829 3800 854 3834 v.
905 3785 930 3833 in
943 3799 982 3848 54,
990 3790 1010 3863 ,ς
1030 3798 1043 3834 a
1062 3785 1092 3835 he
1127 3802 1155 3834 ss
1169 3786 1216 3836 ‘de
1232 3784 1404 3851 suggestu'ln

356 3845 435 3966 Ἀώς»
447 3846 564 3976 lebngt
579 3863 664 3963 :ezer
677 3921 705 3964 to
721 3915 763 3966 the
777 3858 855 3965 mbr:
904 3850 1160 3968 :hewwesnhtffi
1172 3852 1408 3983 ‘gaggam

356 3971 440 4021 whom
452 3974 544 4024 Caesar
554 3978 648 4027 wished
659 3987 790 4030 tocoeroe
904 3982 958 4032 eius
986 3983 1178 4032 constituemnt'
1208 3981 1269 4033 nsed
1296 3982 1327 4033 ol
1391 4009 1402 4021 ·

385 4043 404 4114 j
421 4036 445 4088 6.
465 4053 517 4096 nro
531 4049 672 4100 naemu.
707 4044 854 4109 Praetienlly
904 4061 988 4097 sonem
1015 4048 1102 4113 taking
1128 4048 1193 4099 their
1218 4048 1291 4100 stand
1377 4065 1403 4100 re

355 4102 780 4173 thumeans‘fromtbepletform'
798 4110 853 4161 The
903 4112 1037 4176 agenorei.
